1 1
98 109 103 17 NUMISTRAL

272 194 32 15 Jost,
311 194 59 13 Camille.
377 194 51 13 Auteur
435 194 17 13 du
459 195 43 12 texte.
511 194 8 12 E
524 194 28 13 Daa
558 194 16 12 im
583 194 85 13 Narrehüss:
675 194 8 12 E
689 194 64 16 Original-

273 213 40 12 Farce
319 213 11 12 in
337 213 33 13 zwei
378 213 39 13 kurze
424 213 22 13 Akt
454 216 29 10 vum
492 213 55 13 Camille
553 213 28 13 Jost.

261 274 75 14 Numistral
343 276 22 12 est
374 275 12 13 la
393 275 99 16 bibliothèque
500 275 84 16 numérique
590 275 101 16 patrimoniale
697 275 18 13 du
723 275 29 14 site

261 294 97 14 universitaire
365 295 66 13 alsacien.
440 295 74 13 Numistral
522 295 49 13 donne
578 295 43 13 accès
627 295 9 13 à
643 298 3 9 :

261 338 4 6 +
274 334 27 14 des
307 335 106 16 reproductions
418 335 90 16 numériques
513 336 76 15 provenant
596 335 27 13 des
628 335 81 13 collections
714 335 18 13 de
739 335 12 14 la

261 354 93 17 Bibliothèque
359 355 68 13 nationale
431 356 13 12 et
452 355 91 13 universitaire
547 355 18 13 de
570 355 79 16 Srasbourg
655 355 41 16 (Bnu).
702 355 48 13 Celles-

260 374 11 14 ci
276 376 30 12 sont
312 375 66 14 signalées
383 376 23 15 par
413 375 12 13 la
430 375 59 13 mention
495 375 57 13 "Source
557 378 3 9 :
566 375 93 16 Bibliothèque
664 375 68 13 nationale
736 376 13 13 et

261 394 100 14 universitaire
368 395 19 13 de
395 395 97 16 Strasbourg".
501 395 29 13 Ces
536 395 89 13 documents
631 396 33 12 sont
674 395 75 14 librement

261 414 90 14 réutilisables
355 415 38 13 selon
400 415 13 13 la
418 415 54 13 Licence
477 415 70 13 Ouverte
543 404 8 34 /
554 415 39 16 Open
600 415 58 15 Licence,
664 416 13 12 et
684 415 9 13 à
697 418 17 10 ce
719 415 32 13 titre

261 434 73 14 librement
343 435 94 13 réutilisables
442 438 36 10 sous
484 435 57 13 réserve
547 435 19 13 de
573 435 62 13 mention
643 435 19 13 de
668 438 52 10 source
727 435 22 16 (en

260 455 45 13 savoir
312 455 41 16 plus).

260 498 5 6 +
275 494 27 14 des
308 495 108 16 reproductions
422 495 92 16 numériques
519 496 77 15 provenant
604 495 27 13 des
636 495 83 13 collections
725 495 27 13 des

260 514 109 17 bibliothèques
376 515 19 13 de
403 515 90 13 l'Université
500 515 19 13 de
527 515 89 16 Strasbourg,
625 515 73 16 signalées
704 518 25 13 par
738 515 13 13 la

261 535 60 13 mention
328 540 7 6 «
340 535 94 16 bibliothèque
440 535 80 16 numérique
524 535 95 16 patrimoniale
623 535 19 13 de
647 535 81 13 l'université
732 535 19 13 de

260 554 82 17 Strasbourg
349 560 11 7 ».
368 555 56 16 L'usage
429 555 88 13 commercial
523 556 21 12 est
552 555 67 13 soumis
610 544 8 34 à
625 558 28 10 une
658 555 91 13 autorisation

260 574 72 17 préalable
339 576 13 12 et
360 575 9 13 à
376 575 111 16 l'acquittement
496 575 19 13 de
521 575 46 13 droits
572 575 63 16 d'usage.
643 575 57 13 Contact
710 578 3 9 :
720 575 30 13 scd-

260 594 151 16 bibnum@unistra.fr.

260 638 5 6 +
275 634 27 14 des
308 635 108 16 reproductions
422 635 92 16 numériques
519 636 77 15 provenant
604 635 27 13 des
636 635 83 13 collections
725 635 27 13 des

260 654 107 17 bibliothèques
372 655 19 13 de
398 655 87 13 l'Université
492 655 19 13 de
518 655 45 13 Haute
569 655 53 15 Alsace,
629 655 72 16 signalées
706 658 24 13 par
739 655 12 13 la

261 675 62 13 mention
331 680 7 6 «
345 675 75 13 Collection
428 675 18 13 de
453 675 13 13 la
471 675 56 13 Société
534 675 85 13 industrielle
625 675 19 13 de
651 675 75 13 Mulhouse
732 678 17 10 en

260 694 44 17 dépôt
314 695 9 13 à
331 695 12 13 la
351 695 48 13 BUSIM
411 700 12 7 ».
433 695 58 16 L'usage
499 698 28 10 non
535 695 91 13 commercial
635 695 28 13 des
670 695 55 16 images
732 695 19 13 de

261 714 84 14 l'Université
349 715 19 13 de
374 715 97 13 Haute-Alsace
475 716 21 12 est
503 715 33 13 libre
540 716 14 12 et
560 715 48 16 gratuit
615 715 34 12 dans
654 715 12 12 le
673 716 52 15 respect
732 715 19 13 de

260 734 13 14 la
278 734 72 17 législation
356 738 17 10 en
379 735 53 16 vigueur
438 736 13 12 et
457 724 31 34 avec
495 724 78 34 l'obligation
581 735 36 13 de
604 724 14 34 la
622 735 60 13 mention
688 740 7 6 «
700 735 51 13 Source

260 757 4 10 :
269 754 75 14 Collection
350 755 20 13 de
375 755 14 13 la
393 755 56 13 Société
454 755 86 13 industrielle
545 755 19 13 de
585 755 59 13 Mulhouse
649 758 18 10 en
673 755 43 16 dépôt
723 755 10 13 à
738 755 13 13 la

260 774 47 14 BUSIM
316 780 13 7 ».

260 818 4 6 +
273 814 27 14 des
306 815 106 16 reproductions
417 815 90 16 numériques
512 816 76 15 provenant
595 815 27 13 des
627 815 81 13 collections
713 815 18 13 de
738 815 12 14 la

260 834 96 17 Bibliothèque
363 835 70 13 nationale
439 835 18 13 de
464 835 53 13 France.
524 835 62 13 Celles-ci
593 836 30 12 sont
631 835 70 16 signalées
706 838 24 13 par
738 835 12 14 la

260 855 65 13 mention
334 855 63 13 "Source
406 858 3 9 :
419 855 102 16 Bibliothèque
530 855 75 13 nationale
613 855 19 13 de
641 855 64 13 France”.
716 855 33 13 Leur

260 874 88 14 réutilisation
354 875 56 13 s'inscrit
417 875 36 13 dans
458 875 12 13 le
475 875 42 13 cadre
522 875 19 13 de
547 875 12 13 la
565 875 16 13 loi
588 875 66 13 n°78-753
660 875 18 13 du
685 875 17 12 17
706 875 42 16 juillet

260 894 36 14 1978
302 895 22 16 (en
330 895 44 13 savoir
380 895 35 16 plus)
423 898 3 9 :

259 941 5 3 -
272 934 16 14 La
294 935 91 13 réutilisation
393 938 27 10 non
428 935 99 13 commerciale
533 935 19 13 de
558 938 25 10 ces
588 936 72 12 contenus
665 936 21 12 est
695 935 33 13 libre
734 936 14 13 et

259 955 59 16 gratuite
322 955 36 13 dans
363 955 12 13 le
380 956 52 15 respect
439 955 18 13 de
463 955 12 13 la
480 955 73 16 législation
559 958 18 10 en
583 955 54 16 vigueur
643 956 13 12 et
663 956 85 13 notamment

259 974 18 14 du
284 975 63 13 maintien
353 975 19 13 de
377 975 12 13 la
394 975 60 13 mention
460 975 19 13 de
484 978 52 10 soucoe.

259 1001 5 3 -
270 994 16 14 La
292 995 87 13 réutilisation
385 995 97 13 commerciale
487 995 18 13 de
510 995 22 14 ces
539 996 69 12 contenus
613 995 20 14 est
640 996 60 15 payante
705 996 13 12 et
725 995 23 14 fait

260 1014 43 17 l'objet
310 1015 41 13 d'une
356 1015 54 13 licence.
416 1015 19 13 Est
441 1015 71 13 entendue
517 1018 23 13 par
546 1015 86 13 réutilisation
638 1015 95 13 commerciale
738 1015 12 14 la

260 1036 60 12 revente
327 1035 19 13 de
353 1036 73 12 contenus
433 1038 36 10 sous
475 1035 47 13 forme
529 1035 20 13 de
556 1035 67 16 produits
629 1035 69 13 élaborés
704 1038 18 10 ou
731 1035 19 13 de

259 1054 81 14 fourniture
347 1055 19 13 de
374 1055 58 13 service.

259 1098 5 6 +
278 1095 30 13 des
318 1095 121 16 reproductions
448 1095 20 13 de
479 1095 94 13 documents
582 1095 86 13 conservés
677 1095 40 13 dans
728 1095 23 13 les

259 1114 130 17 bibliothèques
371 1110 17 26 ou
397 1116 50 12 autres
453 1115 88 13 institutions
546 1115 92 16 partenaires.
646 1115 63 13 Celles-ci
716 1116 32 13 sont

259 1134 73 17 signalées
337 1138 25 13 par
371 1135 13 13 la
391 1135 63 13 mention
462 1135 61 13 "Source
530 1135 98 16 gallica.bnf.fr
636 1135 5 13 /
651 1135 99 16 Bibliothèque

260 1155 83 16 municipale
349 1155 18 13 de
374 1165 2 2 ...
394 1155 23 16 (ou
424 1156 41 12 autre
471 1155 89 16 partenaire).
569 1155 88 13 L'utilisateur
664 1156 21 12 est
694 1155 41 13 invité
741 1155 9 13 à

259 1174 79 14 s'informer
346 1175 53 16 auprès
404 1175 19 13 de
430 1178 25 10 ces
461 1175 107 16 bibliothèques
574 1175 19 13 de
600 1175 38 13 leurs
643 1175 82 13 conditions
731 1175 19 13 de

260 1194 97 14 réutilisation.
