1 1
480 312 128 40 Personen:

243 390 106 23 Anatole
364 389 138 27 Stieffatre,
517 388 129 28 Proprietär,
662 387 85 28 früehjer
758 386 89 27 Epicier.

243 426 102 27 Sophie,
361 425 35 27 sini
412 424 61 29 Frau.

243 461 93 26 Cécile,
352 461 35 26 sini
404 460 77 27 Magd.

243 496 85 28 Désiré
343 496 159 27 Enishänsel,
518 493 109 23 Abedeeker
643 500 25 15 en
685 493 92 22 retraite.

243 532 76 29 Jules
334 532 109 27 Karcher.

243 568 160 28 Barthélemy
418 566 107 28 Schanté.

243 603 21 24 E
280 603 170 27 Kommissionär.

313 656 15 18 ’s
342 655 49 19 Stück
404 655 47 23 spielt
463 655 17 17 in
494 655 25 17 d'r
531 653 92 23 Gejewart
635 653 18 17 in
666 652 108 22 Stroßburri.

488 772 100 23 Scenerie
595 777 6 16 :

229 822 34 18 Ein
276 821 80 23 gediegen
369 820 98 18 möbliertes
481 819 135 22 Wohnzimmer.
641 817 99 22 Mittelthür
753 816 55 23 (führt
820 816 39 22 nach

229 851 72 23 außen),
320 850 51 23 rechte
386 849 34 18 und
436 848 43 19 linke
494 848 106 22 Seitenthür.
625 847 61 23 Rechts
703 846 26 18 ein
745 845 46 23 Tisch
807 845 52 23 (links

229 881 57 17 davon
299 880 27 18 ein
334 879 113 24 Papierkorb)
460 878 34 18 und
503 877 27 18 ein
538 878 89 22 Kanapee,
641 876 44 18 links
699 876 26 18 ein
734 875 125 23 Nähtischchen.

229 910 80 23 Sonstige
321 909 61 18 Möbel
395 909 34 17 und
443 908 84 23 Hausrat.
540 907 34 22 Im
588 906 124 24 Hintergrunde
725 911 23 12 an
761 906 28 17 der
801 905 58 18 Wand

229 940 61 23 (rechts
302 944 35 13 von
350 939 28 18 der
390 936 117 24 Mittelthüre)
520 936 40 23 steht
573 936 27 18 ein
611 936 119 20 Bombardon,
743 935 77 17 daneben
833 934 26 18 ein

229 969 103 23 Notenpult.
348 969 34 22 Im
391 967 125 24 Hintergrunde
529 966 44 19 links
586 966 26 18 ein
621 965 137 24 Porzellanofen.
774 964 37 22 Auf
823 964 37 17 dem

229 1000 83 21 Kanapee
326 998 40 23 liegt
374 998 36 17 eine
419 997 80 23 schwarze
507 996 49 24 Hose,
569 996 35 18 eine
613 995 79 23 schwarze
701 994 61 22 Weste,
776 993 26 18 ein
811 993 48 23 Frack

458 1026 33 18 und
505 1026 26 18 ein
544 1025 88 23 Cylinder.

371 1057 68 22 (Rechts
452 1056 34 18 und
500 1055 44 18 links
557 1060 40 12 vom
610 1054 110 23 Zuschauer.)
