1 1
1623 475 179 65 —
1896 412 160 145 87
2182 400 146 145 —

725 658 495 96 Susanne:
1287 658 308 108 „Mon
1650 629 362 125 Dieu!"

733 808 475 100 Madame
1287 812 383 117 Ropfer
1758 816 638 113 (energisch):
2550 812 241 96 Was
2875 816 354 92 mache
3279 816 204 96 Sie

466 916 259 154 do?!

729 1095 475 92 Madame
1279 1091 454 96 Schmidt
1812 1095 759 117 (desgleichen):
2654 1095 242 96 Wer
2975 1104 150 83 sin
3200 1095 279 96 Sie?!

604 1216 425 125 (Ropfer
1087 1220 200 96 und
1354 1220 296 96 Jules
1704 1233 408 83 müssen
2179 1233 337 83 zuerst
2587 1220 275 96 stark
2933 1225 417 112 niesen.)

729 1375 508 95 Madame
1270 1375 421 116 Ropfer:
1766 1375 246 95 Was
2091 1375 163 95 Sie
2333 1375 129 95 do
2537 1375 379 108 mache,
2996 1375 250 116 fröuj
3321 1375 162 95 ich

490 1487 184 162 Sie
670 1504 88 91 ?!

720 1654 480 104 Madame
1275 1654 491 96 Schmidt:
1845 1633 255 121 Erüs
2179 1666 179 84 mit
2437 1658 142 92 d’r
2662 1658 425 112 Sproch!

725 1807 319 126 Jules:
1183 1812 229 117 (den
1541 1812 575 121 englischen
2204 1808 398 126 Accent
2729 1775 770 153 immitierend):

475 1929 191 108 Ich
733 1941 187 121 geh
1004 1950 558 108 spazieren,
1650 1941 187 109 „oh
1916 1941 271 117 yes",
2275 1937 200 96 und
2558 1937 304 96 suche
2946 1937 537 96 verlorene

479 2062 400 104 Seelen.

729 2220 383 117 Ropfer
1200 2220 758 150 (desgleichen):
2050 2220 166 92 Ich
2300 2220 262 92 habe
2650 2216 550 121 gepredigt,
3283 2225 217 116 wie

479 2350 162 95 die
700 2350 445 116 Prophet
1204 2354 100 87 in
1366 2345 163 96 die
1591 2345 388 96 Wüste,
2045 2345 217 109 „Oh
2321 2345 208 117 yes“!

716 2512 325 96 Jules:
1112 2512 221 113 „Oh
1387 2512 283 121 yes!”
1729 2512 621 96 Verstockte
2416 2512 388 96 Sünder
2871 2512 316 96 findet
3246 2550 225 58 man

462 2641 429 121 überall.
962 2641 217 113 „Oh
1241 2641 284 121 yes!”

720 2795 384 117 Ropfer
1195 2795 813 117 (einstimmend):
2166 2795 230 113 „Oh
2462 2800 217 112 yes!
2775 2795 154 92 Oh
3008 2800 221 112 yes!
3321 2791 154 96 Oh

454 2920 312 121 yes!"

720 3075 475 95 Madame
1270 3075 421 116 Ropfer:
1779 3025 542 178 Verruckti
2404 3075 604 120 Engländer!

720 3229 471 96 Madame
1258 3229 487 96 Schmidt:
1812 3233 133 96 So
2012 3233 175 92 ebs
2258 3229 321 96 erlebt
2637 3229 179 96 m’r
2883 3266 125 59 au
3066 3237 146 88 nit
3275 3229 196 96 alle

454 3358 266 96 Daa!
812 3358 321 117 (Jules
1212 3358 204 96 und
1491 3358 384 117 Ropfer
1954 3362 471 113 springen
2508 3391 175 59 aus
2762 3358 200 92 den
3037 3354 434 125 Schrän-

454 3483 241 100 ken.
762 3487 167 96 Sie
991 3483 346 96 halten
1404 3491 296 88 einen
1766 3483 646 121 „Kriegsruf"
2479 3491 96 88 in
2641 3483 180 96 der
2879 3479 325 112 Hand,
3271 3483 200 92 und

454 3650 283 58 zwar
804 3650 137 70 so,
1012 3616 233 92 dass
1308 3620 146 88 sie
1520 3612 150 92 ihr
1737 3612 421 96 Gesicht
2221 3608 529 121 möglichst
2812 3608 654 121 verdecken.)

725 3779 325 96 Jules:
1212 3783 271 104 Hier,
1612 3783 158 92 die
1895 3791 496 84 neuesten
2516 3779 605 116 Depeschen
3250 3812 229 58 vom

462 3908 1004 117 Kriegsschauplatz.

720 4058 421 117 Ropfer:
1220 4058 384 96 Grosse
1675 4058 746 96 Heilsschlacht
2496 4062 100 88 in
2666 4058 384 92 Baden!
3125 4054 350 96 Zwan-

462 4195 167 113 zig
695 4187 371 96 Seelen
1133 4204 171 75 zur
1370 4183 471 100 Strecke!

725 4337 325 96 Jules:
1125 4333 533 121 Halleluja!
1741 4337 467 121 „English
2283 4333 496 137 spoken!“

708 4483 437 129 Ropfer:
1216 4491 367 96 Amen!
1666 4491 217 109 „Oh
1950 4491 216 121 yes!
2250 4487 154 96 Oh
2475 4491 216 113 yes!
2771 4487 158 96 Oh
3000 4491 212 117 yes!

712 4645 488 96 Madame
1258 4645 425 121 Ropfer:
1754 4645 542 96 Verruckti
2366 4641 605 121 Engländer!

720 4800 421 120 Ropfer:
1212 4800 217 112 „Oh
1491 4804 221 116 yes!
1779 4795 767 121 Plumpudding!
2621 4791 787 100 Watercloset!”

716 4954 329 96 Jules:
1116 4933 1000 133 „Worcestersauce!
2187 4945 913 100 Mixed-Pickles!"

716 5108 421 117 Ropfer:
1220 5108 575 121 „Newyork
1870 5104 417 96 Herald!
2371 5100 908 120 Steeple-Chase!"

704 5258 366 112 Jules:
1112 5262 679 113 „Foxterrier!
1854 5258 308 96 Made
2216 5262 105 92 in
2379 5254 612 116 Germany!“

708 5429 433 121 Ropfer:
1216 5429 288 112 „God
1575 5466 241 59 save
1891 5429 171 96 the
2133 5425 454 112 Queen!“
