1 1
1670 1216 113 138 1.
1895 1212 730 179 Aufzug.

687 1558 188 92 Die
950 1558 316 96 Szene
1341 1558 271 92 stellt
1687 1566 217 84 eine
1979 1558 537 117 Apotheke
2591 1558 205 92 dar.
2879 1558 100 92 In
3054 1558 175 96 der
3308 1558 313 96 Mitte

687 1679 338 96 hinten
1083 1683 162 92 die
1308 1679 650 116 Eingangstür
2016 1716 196 59 von
2275 1683 175 92 der
2508 1683 392 92 Strasse
2962 1716 204 59 aus.
3233 1683 367 92 Rechts

683 1804 200 91 und
941 1804 259 91 links
1258 1837 196 58 von
1512 1804 175 91 der
1750 1804 191 91 Tür
2000 1804 158 91 die
2221 1804 729 96 Schaufenster.
3000 1804 312 91 Links
3375 1837 225 58 vom

687 1925 563 96 Zuschauer
1337 1958 171 63 aus
1600 1925 437 91 befindet
2125 1925 208 96 sich
2421 1925 175 96 der
2687 1925 621 96 Ladentisch.
3466 1929 138 87 Im

679 2046 766 116 Vordergrunde
1525 2050 262 96 links
1862 2054 217 87 eine
2158 2046 288 108 Türe,
2525 2050 162 91 die
2766 2083 117 58 zu
2962 2050 188 91 den
3229 2050 367 91 Wohn-

683 2179 404 83 räumen
1162 2171 288 104 führt,
1525 2171 329 91 rechts
1937 2175 217 87 eine
2225 2171 258 91 Türe
2554 2171 250 91 nach
2879 2171 217 91 dem
3166 2171 434 91 Labora-

687 2300 383 83 torium.
1150 2291 366 92 Rechts
1600 2300 154 83 ein
1833 2291 287 92 Tisch
2196 2296 175 87 mit
2446 2291 437 96 Stühlen.
3025 2291 321 92 Wenn
3425 2291 175 92 der

679 2416 466 113 Vorhang
1204 2421 96 83 in
1358 2416 158 92 die
1570 2412 284 96 Höhe
1908 2416 254 113 geht,
2233 2412 358 96 stehen
2633 2412 375 117 Ropfer
3066 2416 192 88 und
3296 2412 304 113 Jules

700 2571 120 58 an
900 2537 175 92 der
1154 2537 287 104 Türe,
1554 2546 100 79 in
1766 2541 159 88 ein
2033 2533 517 117 Gespräch
2662 2541 171 84 mit
2950 2537 221 92 dem
3287 2533 321 96 Bauer

695 2658 625 92 Christenatz
1425 2658 612 92 verwickelt.
2179 2658 375 113 Ropfer
2658 2666 258 138 trägt
3025 2662 158 88 ein
3291 2658 413 92 Samt-

687 2779 558 112 käppchen,
1308 2779 304 92 kurze
1675 2779 354 108 Jacke;
2104 2779 271 92 Jules
2441 2779 167 92 hat
2671 2787 158 84 ein
2891 2791 309 80 etwas
3262 2779 346 92 steifes

1866 2900 555 91 Aussehen.

933 3104 408 117 Ropfer:
1483 3108 104 92 In
1662 3141 167 59 ere
1908 3108 317 92 halwe
2304 3104 312 96 Stund
2696 3075 566 121 könne-n-'r
3341 3104 259 146 Ejeri

679 3241 433 100 Arzneje
1191 3233 254 104 hole,
1516 3229 309 92 Vater
1904 3229 579 92 Chrischtel.

937 3379 788 92 Chrischtenatz:
1854 3379 150 108 Jo,
2079 3379 250 92 Herr
2396 3379 400 112 Ropfer,
2871 3375 416 108 „merci“
3350 3379 254 92 Herr

633 3500 458 116 Ropfer.
1179 3504 196 112 (ab)

937 3650 371 116 Ropfer
1387 3654 167 112 (zu
1616 3650 350 112 Jules):
2045 3650 509 91 Monsieur
2633 3650 304 100 Jules,
3016 3650 342 91 mache
3441 3646 163 95 Sie

695 3775 171 87 die
929 3783 241 79 zwei
1245 3775 496 112 Rezepter
1816 3771 275 116 glich.
2175 3771 408 116 (Schaut
2654 3771 162 91 auf
2891 3771 159 91 die
3121 3771 479 112 Rezepte)

691 3896 125 91 Es
891 3896 204 91 isch
1175 3929 50 58 e
1295 3892 355 91 Pulver
1720 3929 130 54 un
1920 3929 50 54 e
2041 3892 459 116 g'kochti.

937 4042 317 91 Jules:
1341 4042 279 108 „Oui,
1708 4037 442 117 patron“.
2241 4037 392 117 (Nimmt
2725 4042 158 87 die
2971 4037 358 92 beiden
3387 3996 229 137 Re-

691 4179 292 104 zepte
1037 4167 192 91 und
1279 4167 225 116 geht
1558 4167 117 91 ab
1729 4167 250 91 nach
2029 4167 329 87 rechts
2412 4171 96 83 in
2562 4162 175 92 das
2787 4162 813 113 Laboratorium.)

937 4317 383 91 Jeanne
1462 4312 546 117 (hübsches,
2141 4321 334 108 junges
2608 4308 567 117 Mädchen):
3308 4308 296 113 Papa,

687 4437 529 96 d'Mamme
1275 4442 245 91 losst
1579 4437 341 117 fröuje,
1983 4471 371 58 worum
2416 4433 142 92 d'r
2621 4433 666 113 Schampetiss
3350 4433 258 88 denn

695 4571 138 83 nit
900 4558 608 109 nuffkummt,
1575 4596 158 54 um
1795 4558 438 92 d'Köffer
2300 4554 750 92 erunterzehole
3071 4554 45 88 ?

941 4708 375 113 Ammej
1420 4708 375 117 (Typus
1820 4712 309 88 einer
2200 4704 612 104 Waschfrau:
2916 4704 275 92 stark
3296 4704 308 92 komi-

695 4833 284 92 sches
1029 4833 596 113 Aussehen):
1683 4829 279 108 Herr,
2020 4829 84 92 d'
2116 4829 396 92 Madam
2571 4796 241 125 losst
2862 4825 379 112 fröuje,
3258 4858 154 92 wo
3462 4821 146 91 d'r

691 4954 671 121 Schampetiss
1433 4950 375 129 blieht?

937 5104 404 113 Ropfer:
1416 5104 138 104 Ei,
1625 5100 154 96 ich
1845 5100 188 92 hab
2108 5171 108 21 ...
