1 1
1577 328 824 229 - 65 -

729 608 396 117 Ammej
1191 604 163 121 (ab
1425 600 316 100 durch
1800 600 166 95 die
2025 595 383 117 Mitte):
2479 591 246 109 Nee,
2791 583 146 100 d'r
2996 579 516 100 Verstand

479 737 271 100 steht
812 737 179 96 m'r
1058 733 242 100 still!

729 904 391 125 Ropfer
1191 900 204 125 (auf
1458 900 204 95 und
1729 900 125 95 ab
1925 904 100 87 in
2066 904 475 112 grösster
2608 887 675 121 Aufregung):
3354 879 158 96 Do

475 1037 400 100 hawich
945 1033 263 96 mich
1275 1037 100 92 in
1445 1066 55 63 e
1575 1029 420 96 schoeni
2066 1016 621 117 „aventure“
2758 1012 438 121 ingelon.

733 1204 737 121 Schampetiss:
1541 1200 192 108 Ah,
1812 1191 809 121 Schwejersohn,
2687 1220 217 63 was
2971 1183 162 96 ich
3200 1195 316 84 saaue

483 1337 233 113 will,
804 1337 71 96 ‘s
954 1329 546 125 Kleingeld
1579 1325 216 100 isch
1875 1325 183 95 m'r
2133 1329 638 112 üsgange...
2854 1350 137 58 un
3075 1312 71 96 ‘s
3233 1308 292 121 gross

483 1504 317 62 au...
879 1462 158 96 ich
1116 1458 196 100 hab
1400 1458 245 121 grad
1725 1454 262 96 noch
2062 1450 675 112 fünfevierzig
2816 1441 388 96 Pfenni.
3283 1437 233 96 Diss

479 1595 221 100 isch
766 1633 113 58 ze
945 1595 267 92 weni
1283 1625 187 58 vor
1541 1625 50 54 e
1666 1579 567 125 ,géréral“,
2304 1575 204 95 viel
2579 1612 112 58 ze
2771 1570 291 109 weni!

737 1762 421 121 Ropfer:
1229 1758 158 112 Ja,
1450 1791 133 59 un
1637 1762 242 108 jetzt
1904 1754 50 91 ?

737 1929 738 121 Schampetiss:
1550 1925 279 95 Lehn
1900 1920 208 109 m'r,
2179 1954 300 58 wenn
2558 1912 71 96 ‘s
2696 1908 420 108 beliebt,
3191 1900 330 100 füenf-

479 2033 441 129 hundert
975 2058 375 112 Marik,
1408 2054 167 96 ich
1629 2054 162 116 gib
1854 2050 154 95 dir
2066 2083 50 58 e
2179 2041 742 104 Schuldschien
2975 2041 179 92 mit
3216 2033 84 96 e'
3362 2066 159 63 me

483 2179 1292 112 nette-n-Unterschriftel.

733 2358 425 121 Ropfer:
1208 2354 154 96 Do
1416 2354 200 96 han
1666 2350 75 91 'r
1787 2345 438 100 hundert
2275 2341 371 96 Marik.
2700 2333 171 100 Uff
2921 2333 125 96 de
3096 2312 425 117 Schuld-

491 2491 346 96 schien
912 2483 458 100 verzicht
1450 2487 62 88 i.

737 2654 700 121 Schampetiss
1579 2654 383 116 (nimmt
2070 2645 196 96 den
2371 2641 450 109 Schein):
2966 2625 559 120 „Pardon“,

487 2787 675 121 Trinkgelder
1237 2791 304 88 nimm
1595 2779 184 96 ich
1854 2779 312 91 kenni
2246 2808 154 71 an,
2483 2770 163 92 die
2725 2766 204 96 Zitt
3004 2762 217 96 isch
3300 2791 225 63 ver=

487 2920 192 113 bej.
754 2912 446 117 ,Enfin",
1279 2912 162 92 ich
1516 2916 217 88 setz
1816 2904 234 91 dich
2120 2912 105 83 in
2291 2904 205 87 min
2575 2891 758 96 Teschtament.

741 3079 425 121 Ropfer:
1237 3079 83 96 E
1387 3075 421 129 schöeni
1875 3037 625 129 Erbschaft.

741 3250 738 116 Schampetiss:
1558 3241 275 100 Oder
1912 3241 158 92 ich
2141 3233 517 100 verrech's
2733 3237 179 88 mit
2983 3225 146 100 d'r
3204 3233 100 87 in
3379 3220 150 96 d'r

491 3387 496 104 Uesstier,
1066 3387 196 88 wie
1350 3375 162 95 ich
1591 3379 388 87 minere
2058 3366 458 96 Dochter
2591 3358 417 117 mitgib.
2999 3429 183 21 ...

741 3550 392 120 Ropfer
1208 3550 192 120 (für
1475 3545 287 117 sich):
1841 3537 250 100 Hätt
2166 3537 163 96 ich
2396 3533 266 96 mich
2733 3562 396 63 numme
3187 3529 167 121 nit
3429 3525 96 87 in

495 3687 167 96 die
745 3679 525 100 G'schicht
1350 3670 437 121 ingelon.
1875 3670 279 96 Jetzt
2233 3662 179 96 bin
2496 3658 158 96 ich
2741 3658 230 96 dem
3054 3650 250 100 Kerl
3387 3641 146 100 uff

495 3812 300 104 Gnad
870 3845 134 59 un
1070 3804 434 121 Ungnad
1570 3791 676 129 üsgelieffert.

745 3975 738 116 Schampetiss:
1562 3970 163 109 So,
1804 3966 262 96 Geld
2133 3962 288 96 hätte
2487 3954 184 96 m'r
2733 3958 279 104 jetzt,
3083 3979 446 66 numme-

491 4116 342 92 n-eins
895 4100 255 100 fehlt
1212 4100 292 108 noch,
1575 4091 800 117 e-n-anständigi
2437 4083 288 96 Klift..
2791 4154 17 25 .
2875 4070 458 121 „Tiens“,
3400 4070 133 96 do

491 4237 179 121 lejt
729 4229 504 125 glauwich
1291 4233 229 100 eini,
1583 4229 196 87 wie
1837 4220 359 96 besser
2254 4212 217 96 isch
2529 4216 196 88 wie
2783 4212 275 88 mini,
3121 4200 412 120 (Nimmt

495 4366 200 96 den
762 4362 321 108 Rock,
1158 4358 196 96 den
1420 4350 388 95 Anatol
1879 4383 121 58 zu
2062 4341 413 117 Anfang
2541 4329 717 121 herausgelegt
3325 4329 208 96 hat.

500 4491 420 100 Schickt
987 4487 217 96 sich
1241 4520 184 75 an,
1495 4483 355 92 seinen
1916 4470 292 100 Rock
2279 4462 750 117 auszuziehen.)

750 4658 429 117 Ropfer:
1254 4654 246 96 Was
1570 4641 609 104 mache-n-'r
2258 4633 375 100 denn?!

750 4820 737 121 Schampetiss:
1566 4816 359 96 Denne
1995 4808 455 121 Anglees
2529 4800 204 100 will
2812 4800 167 95 ich
3054 4795 479 96 anthuen.

750 4991 425 125 Ropfer:
1237 4991 208 96 Der
1508 4987 392 117 g'hoert
1962 4979 259 96 doch
2279 4983 133 87 im
2466 4958 342 108 Unkel
2862 4958 425 100 Anatol!

758 5158 733 121 Schampetiss:
1562 5150 338 104 Schad
1962 5154 204 104 nix,
2237 5141 159 96 ich
2466 5137 271 117 schej
2808 5170 125 59 ne
3000 5137 150 88 nit
3191 5100 346 125 ...Er

504 5295 187 100 soll
758 5300 267 91 mine
1095 5287 480 108 anthuen,
1645 5283 180 92 der
1891 5275 217 95 isch
2175 5283 237 108 guet
2483 5287 325 100 genue
2879 5262 154 92 fur
3108 5254 188 100 'ne,
3371 5254 166 121 (Er

495 5425 180 95 hat
737 5420 196 100 den
995 5416 292 100 Rock
1345 5408 442 100 Anatols
1850 5400 650 125 angezogen.)
2571 5391 291 100 Steht
2925 5387 179 96 m'r
3166 5379 367 100 famos!
