1 1
875 312 3049 192 - 30 -

1125 545 425 121 Ropfer:
1583 550 196 100 Sie
1833 562 154 88 sin
2041 554 325 100 leider
2425 583 112 71 ze
2596 575 300 104 spoot
2946 566 437 113 kumme,
3441 575 225 91 meh
3725 579 200 91 wie

875 683 162 87 ein
1112 679 629 112 Hochzitter,
1825 683 204 96 diss
2112 683 234 121 geht
2425 691 187 92 nit!
2691 754 130 8 -

1120 845 484 100 Madame
1650 850 391 120 Ropfer
2095 858 209 117 (zur
2358 858 267 96 Türe
2675 862 341 121 links):
3141 866 430 129 „Jeanne,
3629 879 287 91 viens

866 991 242 96 vite,
1179 979 321 96 vite!”

1120 1145 405 100 Jeanne
1595 1154 234 116 (von
1895 1154 342 100 rechts
2300 1158 429 121 herein):
2808 1162 283 117 „Oui,
3162 1170 504 100 maman!“

1120 1320 484 96 Madame
1683 1325 524 140 Ropfer :
2262 1329 284 112 „Une
2633 1337 379 117 grande
3096 1341 587 96 nouvelle!“
3833 1345 83 96 E

866 1466 325 100 grossi
1283 1454 579 104 „nouvelle!
1958 1458 429 108 Jeanne,
2479 1495 158 63 ma
2725 1466 341 119 fille“,
3121 1470 179 96 m'r
3387 1470 200 96 han
3679 1475 233 121 dich

875 1575 433 96 verlobt!

1120 1746 405 100 Jeanne
1591 1754 509 121 (freudig):
2171 1762 204 92 Ah!
2437 1821 109 12 —
2554 1762 358 96 Grad
2971 1766 262 96 noch
3300 1771 316 91 vor'm
3683 1808 225 58 ver-

862 1879 383 92 reise?!
1316 1941 129 9 -

1116 2046 484 100 Madame
1666 2050 425 121 Ropfer:
2171 2058 158 92 Un
2400 2058 229 96 roth
2700 2066 175 88 mit
2946 2066 325 130 wem?

1116 2216 400 96 Jeanne
1600 2221 508 120 (freudig):
2191 2225 196 100 Mit
2471 2225 112 100 'm
2666 2233 263 92 Herr
3004 2233 508 96 Dokter!?
3596 2300 125 8 -

1116 2387 425 117 Ropfer:
1625 2391 379 113 „Non“,
2087 2404 179 87 mit
2346 2433 470 58 unserem
2904 2400 471 100 Commis.

1120 2554 480 100 Madame
1666 2558 425 121 Ropfer:
2162 2562 196 96 Mit
2433 2571 117 87 'm
2621 2566 258 96 Herr
2950 2571 316 95 Jules.

1116 2725 400 96 Jeanne
1558 2733 746 121 (enttäuscht):
2387 2733 204 100 Ah!
2675 2800 125 8 -

1116 2896 367 95 Albert
1554 2900 191 116 (für
1816 2904 284 121 sich):
2179 2904 529 121 „Espoir!“
2775 2908 283 96 Noch
3125 2912 212 92 isch
3404 2912 92 96 d'
3562 2912 342 96 Partie

858 3029 150 88 nit
1079 3029 446 92 verlore!

1116 3196 479 96 Madame
1695 3200 425 117 Ropfer:
2233 3204 1072 124 „Embrassez-vous!
3362 3208 121 92 Et
3587 3208 313 117 dépé-

862 3321 654 112 chez-vous”,
1587 3325 158 96 for
1816 3329 234 92 dass
2125 3337 179 84 m'r
2379 3367 125 58 an
2579 3333 121 92 de
2779 3333 204 117 Zug
3058 3337 433 92 kumme.
3579 3337 321 117 (Jules

862 3462 433 84 umarmt
1370 3450 425 112 Jeanne‚
1879 3454 162 96 die
2116 3458 171 92 ihn
2362 3458 504 96 willenlos
2954 3462 542 117 gewähren
3579 3467 317 133 lässt.)

1116 3600 367 142 Albert
1562 3650 192 117 (für
1829 3633 291 138 sich):
2208 3654 556 120 „Espoir!“

1112 3833 479 96 Madame
1670 3837 425 117 Ropfer:
2250 3842 446 95 Offiziell
2783 3846 350 96 mache
3216 3846 180 96 m'r
3483 3846 67 96 ‘s
3637 3850 263 92 noch

858 3996 425 62 unserer
1370 3967 555 95 Ruckkehr
2008 3979 117 83 üs
2208 3971 646 96 Bade-Bade.

1108 4133 425 121 Ropfer:
1608 4137 425 113 Jeanne,
2108 4142 288 91 diner
2462 4142 600 95 Hochzitter
3129 4179 133 58 un
3329 4146 158 91 ich
3558 4146 342 91 könne

858 4258 325 96 leider
1245 4271 146 87 nit
1454 4271 179 87 mit
1700 4304 125 54 an
1887 4267 125 91 de
2079 4267 462 112 Isebahn,
2608 4275 188 87 mir
2858 4271 200 91 han
3121 4271 262 96 noch
3446 4271 454 121 wichtigi

858 4387 204 96 und
1137 4400 529 108 pressierti
1745 4392 513 120 Rezepter
2346 4433 112 54 ze
2525 4342 404 150 mache,
3012 4396 313 96 Awer
3408 4396 186 123 d'r
3613 4396 286 123 Herr

858 4512 400 101 Dokter
1320 4517 217 96 isch
1591 4542 121 71 so
1779 4525 258 113 artig
2104 4521 196 92 und
2366 4533 267 84 traat
2696 4521 245 117 Ejch
3008 4521 71 96 ’s
3146 4521 462 117 Gepäck.
3679 4525 217 121 (Al-

854 4642 233 96 bert
1150 4650 462 113 verneigt
1675 4646 279 117 sich.)

1112 4813 479 95 Madame
1662 4792 425 141 Ropfer:
2166 4817 205 96 Zue
2450 4825 283 113 artig,
2812 4821 559 96 Monsieur.

1108 5000 387 92 Anatol
1558 5004 258 113 (tritt
1875 5000 166 96 auf
2100 5038 200 58 von
2362 5000 300 100 links.
2721 5004 191 96 Die
2971 5004 420 125 Zeitung
3454 5017 100 83 in
3612 5013 284 87 einer

858 5125 325 108 Hand,
1279 5163 104 58 er
1475 5138 270 108 trägt
1837 5129 588 96 ausserdem
2521 5138 279 87 seine
2896 5133 700 113 Reisetasche,
3696 5138 200 91 den

858 5250 392 96 Schirm
1308 5254 204 96 und
1570 5254 167 96 die
1800 5258 429 96 Schuhe.
2291 5258 134 96 Er
2487 5267 129 87 ist
2683 5258 229 96 sehr
2983 5263 604 116 aufgerest):
3658 5263 238 95 Diss

858 5379 187 96 soll
1104 5388 171 87 nix
1333 5383 192 92 sin!
1583 5383 233 96 Diss
1875 5383 183 96 soll
2120 5392 167 87 nix
2350 5388 191 95 sin!
