1 1
1854 283 129 12 —
2118 201 157 174 94
2376 275 168 52 —

702 454 388 115 rücken
1158 450 154 91 ab.
1383 445 325 96 Marie
1770 445 196 92 und
2037 441 259 96 Jean
2358 445 308 92 durch
2737 445 159 88 die
2962 441 296 92 Mitte
3333 445 346 88 herein

712 583 175 87 mit
954 575 612 116 Eiskübeln.)

962 729 363 91 Marie:
1391 729 138 91 Zu
1595 729 396 91 dienen!
2058 725 238 91 Hier
2366 729 159 87 ein
2583 720 363 96 Kübel!

962 866 296 96 Jean:
1358 866 762 96 Aufzuwarten!
2221 866 179 92 Ein
2496 862 362 96 Kübel!
2929 862 312 113 (Man
3337 870 342 84 nimmt

720 995 296 96 ihnen
1083 995 158 92 die
1304 991 329 96 Kübel
1683 995 137 92 ab
1887 991 196 92 und
2154 1000 254 83 setzt
2475 1000 141 83 sie
2687 987 284 96 Jules
3037 991 196 88 und
3291 983 392 117 Ropfer

716 1120 234 117 auf.)

966 1245 471 113 Madame
1495 1241 480 96 Schmidt:
2116 1241 159 109 So,
2346 1275 120 58 un
2529 1245 237 109 jetzt
2837 1241 296 92 holen
3196 1237 166 96 Sie
3425 1220 258 109 noch

729 1370 375 96 schnell
1179 1379 221 87 eine
1475 1370 741 113 Sprenzkanne,
2291 1375 130 83 im
2487 1366 213 92 Fall
2775 1366 225 92 dass
3079 1366 208 92 dies
3362 1362 325 92 nichts

716 1504 371 87 nützen
1158 1491 325 96 sollte.

970 1633 296 96 Jean:
1337 1633 758 142 Aufzuwarten!
2175 1629 262 116 (Ab.)

975 1787 358 92 Marie:
1412 1766 133 113 Zu
1616 1741 467 138 dienen!
2100 1783 262 117 (Ab.)

970 1937 467 96 Madame
1495 1937 413 117 Ropfer:
1970 1937 196 92 Ebs
2233 1937 275 92 wurd
2575 1937 250 92 doch
2887 1937 300 92 helfe!
3262 1933 421 117 (Jeanne

725 2066 200 92 und
987 2066 363 92 Albert
1425 2066 304 92 durch
1795 2066 163 92 die
2025 2062 296 96 Mitte
2391 2062 413 113 herein.)

975 2221 391 91 Jeanne
1445 2221 492 112 (freudig):
2083 2216 492 109 „Maman,
2650 2216 121 92 ah
2850 2229 96 79 te
3021 2212 366 92 voilä!"
3521 2212 170 88 D'r

729 2346 258 95 Herr
1054 2346 383 91 Dokter
1500 2379 141 71 un
1658 2346 200 108 ich
1929 2341 196 96 han
2191 2341 225 92 dich
2491 2337 467 96 uewerall
3029 2337 471 121 g'suecht.

979 2496 471 91 Madame
1516 2491 375 117 Ropfer
1975 2496 154 112 (zu
2196 2491 437 113 Albert):
2708 2491 258 92 Herr
3033 2491 417 105 Dokter,
3529 2487 175 96 Sie

729 2625 400 91 kumme
1191 2629 188 83 wie
1450 2621 437 116 geruefe!
1962 2616 604 96 Hoffentlich
2641 2616 263 92 finde
2975 2612 162 100 Sie
3208 2641 50 63 e
3325 2612 366 104 Mittel,

733 2783 158 54 um
958 2750 158 87 die
1179 2754 250 87 zwei
1495 2746 121 95 do
1687 2741 650 96 uffzewecke.

983 2900 362 91 Albert
1429 2896 700 116 (überrascht):
2287 2966 46 34 „
2346 2896 237 104 Mon
2671 2891 354 96 Dieu!"
3187 2891 167 92 D'r
3437 2891 259 92 Herr

716 3025 396 116 Ropfer
1179 3058 129 58 un
1370 3025 146 91 d'r
1583 3021 312 95 Jules!

987 3175 467 96 Madame
1525 3171 412 116 Ropfer:
2016 3175 163 91 Sie
2250 3175 191 91 han
2516 3171 425 91 nämlich
3012 3204 225 58 vum
3312 3162 388 100 Schlof-

745 3304 375 104 elixier,
1179 3308 187 88 wie
1420 3308 196 83 min
1675 3300 308 91 Mann
2045 3300 413 91 erfunde
2512 3296 242 108 hett,
2816 3296 521 112 getrunke.

991 3454 379 112 Albert
1433 3454 208 112 (der
1720 3450 205 96 sich
2012 3483 179 58 nur
2271 3450 437 112 langsam
2791 3479 196 58 von
3071 3450 366 87 seinem
3525 3441 171 92 Er-

745 3591 421 80 staunen
1245 3575 392 116 erholt):
1725 3575 125 91 Ja
1929 3575 154 104 do,
2162 3571 463 95 Madame
2704 3566 396 117 Ropfer,
3196 3566 116 92 do
3404 3566 292 105 kann,

745 3704 313 92 soviel
1120 3704 159 92 ich
1333 3708 325 100 weiss,
1720 3733 388 58 numme
2183 3696 67 95 's
2316 3696 571 112 Gejemittel
2950 3696 291 104 helfe,
3308 3729 129 54 un
3500 3691 196 92 diss

745 3829 213 92 isch
1025 3833 316 88 nierix
1416 3833 188 83 wie
1675 3825 162 91 bie
1908 3821 233 95 Ihne
2212 3821 350 91 d'heim
2646 3829 91 83 in
2816 3821 142 91 d'r
3025 3816 483 117 Apothek
3587 3854 113 54 ze

745 3950 292 96 finde.

995 4087 467 96 Madame
1541 4087 375 117 Ropfer
2012 4080 508 128 (besorgt):
2683 4083 300 109 „Mon
3066 4079 355 96 Dieu!"
3575 4079 129 96 Es

750 4217 362 91 wurd
1120 4250 125 58 ’ne
1316 4212 254 96 doch
1637 4221 167 83 nix
1875 4212 329 105 thuen,
2271 4246 287 58 wenn
2629 4217 142 83 sie
2821 4242 129 95 so
3021 4208 220 113 lang
3308 4212 142 84 nit
3479 4146 221 146 uff-

750 4325 412 133 wache?

1000 4471 395 96 Albert:
1479 4475 75 92 E
1645 4475 338 92 G'fahr
2079 4471 204 91 isch
2371 4479 141 83 nit
2596 4467 691 116 üsg'schlosse.
3379 4462 325 117 (Fühlt

754 4600 362 96 beiden
1195 4600 192 92 den
1470 4600 292 117 Puls.)
1854 4596 254 96 Oho!
2191 4596 238 96 Was
2516 4596 209 91 isch
2812 4592 259 91 denn
3158 4592 308 91 diss?!
3554 4587 150 96 Do

754 4725 212 92 isch
1029 4733 91 104 jo
1195 4725 321 92 fascht
1587 4725 263 92 kenn
1920 4721 226 91 Puls
2216 4721 250 91 meh.

970 4875 496 92 Madame
1525 4871 375 121 Ropfer
1970 4871 555 121 (bestürzt):
2596 4871 266 91 Um's
2921 4867 783 95 Himmelswille!

1004 5021 466 96 Madame
1529 5021 475 91 Schmidt:
2075 5021 287 91 Kenn
2421 5017 225 91 Puls
2712 5017 329 91 meh?!
3100 5075 125 12 —
3283 5017 146 104 Ja,
3496 5012 216 92 heft

762 5146 200 96 diss
1029 5146 166 91 ebs
1258 5183 108 54 ze
1429 5146 450 91 beditte?
