1 1
1867 347 178 135 —
2159 341 127 95 86
2426 310 164 185 —

725 545 287 121 toffle
1083 558 375 108 anzeje,
1520 587 121 58 es
1720 554 234 116 geht
2020 562 171 88 nix
2266 566 342 88 üewer
2683 575 346 83 warmi
3096 566 341 113 Füess,
3516 570 205 96 diss

725 675 220 95 hett
1029 679 308 96 schun
1420 691 313 96 miner
1825 683 658 100 Grossvatter
2571 691 245 96 seeli
2904 695 354 117 g'saat!
3341 762 130 8 —
3554 704 167 116 (Er

729 804 266 96 zieht
1058 804 162 96 die
1283 808 400 96 Schuhe
1745 850 175 58 aus
1983 816 200 92 und
2246 816 158 96 die
2471 820 566 96 Pantoffeln
3100 833 191 112 an.)
3371 829 66 91 ‘s
3508 829 213 96 isch

729 933 583 108 sunderbar,
1437 937 229 96 dass
1791 941 159 96 die
2070 941 284 96 Licht
2479 954 87 87 in
2691 950 1025 100 Bade-Bade-n-isch.

729 1058 329 121 (Steht
1145 1062 196 108 auf,
1462 1066 575 96 betrachtet
2129 1070 162 96 die
2379 1075 383 95 kurzen
2846 1079 412 91 Aermel
3383 1091 333 88 seines

720 1187 405 96 Rockes
1204 1191 196 96 und
1475 1196 475 95 versucht
2020 1204 146 87 sie
2237 1200 1038 125 herunterzuziehen.)
3358 1208 71 96 ‘s
3504 1212 208 92 isch

720 1316 809 121 merikwüerdig,
1600 1329 187 87 wie
1858 1321 175 95 m'r
2104 1325 162 96 die
2329 1329 412 96 Aermel
2812 1333 250 92 kurz
3133 1371 329 58 worre
3533 1346 179 100 sin,

720 1441 163 92 ich
950 1479 333 58 muess
1350 1446 258 95 noch
1679 1454 208 112 arig
1954 1454 529 117 gewachse
2554 1462 150 88 sin
2727 1437 377 142 zitt're
3141 1462 230 92 Zitt
3437 1462 275 96 here.

716 1629 121 54 —
916 1571 625 116 (Betrachtet
1616 1575 192 96 den
1879 1575 642 100 Reisekoffer
2591 1583 575 121 Antoines.)
3258 1587 450 109 „Tiens",

720 1696 130 95 do
929 1696 387 95 schient
1395 1700 309 96 schun
1783 1708 308 92 iemes
2171 1746 112 54 ze
2362 1708 525 108 loschiere,
2975 1712 258 117 gehn
3304 1716 179 92 m'r
3558 1721 150 91 ins

720 1821 421 95 Zimmer
1204 1841 550 80 newetsan.
1820 1833 196 108 (Ab
2083 1833 254 96 nach
2404 1833 292 96 links.
2758 1837 475 96 Madame
3296 1841 408 117 Ropfer,

716 1946 471 100 Madame
1291 1954 446 96 Schmidt
1841 1958 196 92 und
2141 1958 455 100 Susanne
2700 1975 329 83 treten
3133 1971 308 87 durch
3546 1971 158 91 die

716 2071 300 100 Mitte
1087 2079 229 112 auf.)

966 2229 471 96 Madame
1520 2233 417 117 Ropfer:
2029 2237 337 104 „C'est
2450 2241 241 100 trop
2762 2241 304 96 fort!"
3154 2246 346 95 Nierix
3591 2287 113 54 ze

712 2354 304 96 finde!

962 2508 471 96 Madame
1512 2512 488 96 Schmidt:
2079 2521 187 91 Wo
2350 2521 358 91 muehn
2791 2529 142 88 sie
3008 2562 392 59 numme
3479 2533 217 88 sin?

716 2629 454 100 Verlicht
1283 2646 142 83 sin
1550 2646 141 87 sie
1812 2642 642 95 derwielscht
2575 2646 137 91 uff
2829 2658 329 84 unseri
3283 2650 421 96 Zimmer

712 2779 346 100 gange.
1137 2762 204 117 (Sie
1420 2767 313 116 gehen
1816 2767 192 95 den
2083 2771 333 91 Türen
2487 2775 263 92 links
2825 2775 196 92 und
3096 2779 333 92 rechts
3508 2783 183 117 zu.)

958 2912 496 96 Susanne:
1537 2917 238 95 Was
1850 2921 212 96 hett
2146 2925 200 92 diss
2429 2962 112 59 ze
2621 2925 495 96 beditte?!
3208 2929 142 117 (In
3433 2933 267 92 dem-

712 3037 350 100 selben
1145 3042 667 116 Augenblick,
1900 3058 100 84 in
2083 3050 225 92 dem
2400 3050 471 100 Madame
2962 3054 446 96 Schmidt
3500 3037 196 113 und

708 3162 475 100 Madame
1250 3171 379 116 Ropfer
1700 3175 158 92 die
1929 3175 333 92 Türen
2333 3175 263 96 links
2671 3179 195 92 und
2946 3179 337 96 rechts
3358 3183 338 117 öffnen

708 3292 392 133 wollen,
1158 3292 229 95 hört
1441 3333 225 59 man
1720 3304 96 88 in
1866 3300 371 92 beiden
2296 3300 587 96 Schränken
2937 3308 279 92 stark
3275 3312 412 113 niesen.)

958 3446 471 96 Madame
1512 3450 450 92 Schmidt
2075 3454 200 92 und
2391 3454 471 96 Madame
2946 3454 383 117 Ropfer
2075 3454 200 92 und
3450 3462 241 113 (sich

712 3571 629 121 gleichzeitig
1387 3575 725 117 umdrehend):
2204 3579 633 96 G'sundheit!

958 3725 471 96 Madame
1520 3729 513 92 Schmidt
1970 3721 119 141 :
2137 3733 450 109 „Tiens",
2687 3738 154 91 ich
2937 3738 192 95 hab
3229 3750 458 108 gemeint,

708 3850 167 96 Sie
945 3850 192 96 han
1204 3854 358 96 muehn
1629 3863 308 87 niese.

954 4004 471 96 Madame
1487 4008 413 117 Ropfer:
1966 4013 150 95 Un
2187 4013 179 108 ich,
2437 4017 196 96 Sie.

954 4158 491 96 Susanne:
1508 4163 192 95 M'r
1758 4167 217 96 hätt
2033 4167 242 121 grad
2333 4171 333 96 könne
2729 4179 350 100 meine,
3146 4208 104 59 es
3312 4171 375 92 kummt

704 4292 112 87 üs
908 4283 325 100 denne
1320 4296 250 87 zwei
1658 4292 804 96 Wandschränk.
2625 4296 279 112 (Man
2991 4296 230 92 hört
3308 4300 379 92 wieder

662 4413 454 112 niesen.)

929 4554 496 104 Madame
1491 4567 488 112 Schmidt:
2054 4571 208 108 „En
2329 4571 337 108 effet",
2737 4567 125 100 do
2933 4558 296 109 hinne
3296 4575 387 96 niest's!

954 4696 466 117 Madame
1491 4721 417 117 Ropfer:
1987 4725 204 109 „En
2266 4725 280 96 effet!
2616 4725 146 96 En
2841 4725 342 100 effet!”

950 4871 475 96 Madame
1487 4871 483 100 Schmidt:
2041 4879 230 96 Diss
2333 4888 271 87 wäre
2671 4879 179 96 m'r
2921 4888 87 112 jo
3083 4884 258 116 glich
3408 4884 275 95 sehn.

950 5021 470 100 Madame
1487 5025 417 121 Ropfer:
1987 5029 746 125 „Regardons!"

950 5175 487 96 Susanne:
1512 5179 258 113 „J'ai
1833 5188 342 116 peur."
2250 5188 346 116 (Beide
2666 5188 384 100 Damen
3116 5192 338 100 öffnen
3521 5196 162 96 die

700 5296 520 100 Schränke
1270 5304 200 96 und
1520 5321 396 83 stossen
1975 5317 287 92 einen
2316 5313 655 100 furchtbaren
3029 5317 346 100 Schrei
3433 5325 250 113 aus.)
