1 1
1733 295 413 175 - 49 -

820 583 330 96 Jules:
1229 583 1071 104 Selbstverständlich.
2379 587 229 121 (Für
2683 591 250 121 sich)
3012 591 163 96 Un
3246 591 87 96 d’
3408 595 183 96 Su-

558 750 317 58 sanne
937 720 133 88 im
1133 712 562 121 Telephon!

812 883 408 96 Albert:
1300 887 441 113 „Enfin“,
1816 895 196 92 wie
2091 887 167 100 Sie
2333 895 333 105 wisse,
2746 891 170 96 bin
2991 895 163 96 ich
3233 895 354 121 gescht

562 1016 183 92 mit
825 1012 150 96 d'r
1054 1012 483 100 Madame
1616 1016 392 121 Ropfer
2095 1054 130 62 un
2308 1029 179 87 mit
2575 1020 146 96 d'r
2800 1020 787 100 Mademoiselle

562 1141 396 96 Jeanne
1029 1141 150 96 uff
1237 1141 617 100 Bade-Bade
1925 1145 412 121 g'fahre.
2412 1150 167 112 (Es
2646 1150 337 120 klopft
3046 1150 266 95 links
3383 1150 204 100 und

558 1266 379 100 rechts.
1083 1270 387 121 Ropfer
1554 1275 200 95 und
1841 1275 288 95 Jules
2246 1279 383 96 suchen
2746 1279 316 96 durch
3183 1279 404 96 starkes

558 1395 400 100 Husten
1020 1400 163 95 die
1241 1400 955 100 Aufmerksamkeit
2262 1404 417 100 Alberts
2746 1408 670 96 abzulenken.
3479 1408 112 96 In

562 1525 183 95 der
812 1525 679 100 kommenden
1562 1529 346 112 Szene,
1966 1533 225 96 sind
2258 1533 388 117 Ropfer
2716 1537 205 96 und
2996 1533 283 100 Jules
3354 1537 233 96 sehr

562 1666 504 84 zerstreut
1150 1658 204 96 und
1433 1658 450 96 schauen
1954 1658 567 125 beständig,
2604 1662 183 96 der
2866 1670 230 88 eine
3175 1666 166 92 auf
3421 1662 166 96 die

562 1779 267 100 Türe
887 1783 300 112 links,
1250 1787 183 96 der
1495 1787 380 96 andere
1937 1787 201 103 auf
2157 1787 175 108 die
2391 1791 271 96 Türe
2721 1791 412 121 rechts.)

812 1950 408 154 Albert:
1275 1954 475 137 „Tiens“,
1787 1958 163 96 ich
2004 1958 300 121 glaub
2354 1958 154 96 ihr
2558 1958 200 96 han
2812 1962 125 96 de
2987 1958 592 100 Hüeschte?

558 2079 212 100 Soll
829 2083 162 92 ich
1054 2079 154 100 'ne
1270 2083 180 96 ebs
1508 2083 729 100 verschriewe!

808 2245 425 125 Ropfer:
1270 2250 362 112 „Vous
1687 2254 675 116 plaisantez!“
2416 2316 125 13 —
2591 2258 80 96 E
2721 2258 479 96 Dokter
3175 2295 129 59 im
3362 2295 221 59 e-n-

550 2375 612 120 Apotheker
1295 2379 180 96 ebs
1595 2379 726 100 verschriewe!
2458 2383 350 117 (Lacht
2933 2404 646 104 gezwungen,

554 2504 287 96 Jules
912 2512 375 92 stimmt
1350 2516 175 88 mit
1595 2512 225 117 ein.)

804 2675 404 95 Albert:
1266 2679 229 96 Wie
1554 2679 171 100 Sie
1779 2687 362 92 meine.
2191 2741 130 13 —
2373 2679 751 157 (Fortfahrend)
3187 2683 388 100 Selbst-

550 2804 695 96 verständlich
1304 2804 175 96 bin
1537 2808 163 92 ich
1754 2804 150 96 uff
1958 2808 246 96 dere
2258 2808 313 96 Fahrt
2633 2816 213 146 arig
2904 2812 483 96 betrüebt
3446 2845 133 63 un

545 2925 846 120 tiefunglücklich
1445 2929 280 121 g'sin.
1783 2929 446 116 Worum,
2291 2933 205 100 diss
2546 2941 304 92 wisse
2908 2937 171 96 Sie
3133 2941 125 117 jo,
3308 2937 267 100 Herr

550 3050 416 120 Ropfer.

800 3220 387 121 Ropfer
1258 3229 271 116 (sehr
1591 3233 584 112 zerstreut):
2250 3229 883 112 „Parfaitement.“
3196 3295 129 13 -

795 3391 413 100 Albert:
1291 3395 254 96 Bald
1620 3400 400 95 hawich
2100 3437 275 58 awer
2454 3404 496 112 bemerkt,
3033 3404 238 100 dass
3346 3404 225 100 Ihre

545 3516 446 104 Tochter
1058 3562 221 58 ewe
1345 3562 113 58 so
1529 3525 712 120 unglüecklich
2312 3529 217 96 isch
2596 3537 245 113 gsin,
2912 3541 196 88 wie
3175 3533 191 112 ich,
3437 3570 138 59 un

545 3650 167 91 ich
816 3650 213 100 hab.
1133 3650 375 120 g'sehn,
1620 3662 200 88 wie
1900 3654 170 100 Sie
2154 3658 312 121 Miehj
2579 3658 221 96 hett
2921 3662 341 117 g'hett,
3379 3658 192 100 ihri

541 3775 404 100 Thräne
1016 3783 1017 96 ze-n-unterdrucke.

791 3941 425 121 Ropfer:
1270 3916 1175 159 „Parfaitement“...

791 4112 409 96 Albert:
1287 4112 154 100 Do
1533 4116 392 96 hawich
2016 4116 180 96 m'r
2283 4141 750 96 vorgenumme,
3129 4133 121 104 „à
3337 4137 229 83 tout

537 4237 324 124 prix“
816 4241 217 96 ze
1116 4245 596 109 versueche,
1795 4254 180 87 mit
2058 4245 150 96 d'r
2296 4245 779 105 Mademoiselle
3162 4254 400 96 Jeanne

545 4366 305 100 ellein
929 4404 116 62 ze
1129 4370 346 96 redde.
1620 4370 342 96 Durch
2050 4370 546 125 g'schickts
2683 4387 500 108 operiere,
3296 4379 266 100 Herr

533 4491 392 125 Ropfer
995 4570 217 33 ...

783 4645 392 125 Ropfer
1304 4654 633 116 (auffahrend
2037 4691 179 63 aus
2308 4666 333 88 seiner
2733 4662 821 125 Zerstreutheit):

537 4775 571 120 Operiere?
1183 4854 204 28 ...
1458 4783 171 96 Ah
1691 4783 171 96 Sie
1929 4783 200 96 han
2196 4787 520 117 operiert?
2791 4862 214 28 ...

783 4945 292 96 Jules
1166 4950 688 120 (desgleichen
1937 4954 234 96 sehr
2254 4958 583 117 zerstreut):
2991 4954 163 100 Dü
3266 4958 292 108 bisch

533 5075 267 95 noch
883 5075 404 120 allewyl
1375 5112 54 63 e
1512 5091 358 104 gueter
1962 5079 579 121 Operateur
2625 5083 250 117 g'sin
2929 5141 248 59 ...

783 5241 371 96 Albert
1241 5241 750 129 (fortfahrend):
2083 5245 304 100 Isch’s
2475 5250 179 95 m'r
2737 5250 459 125 gelunge‚
3283 5258 271 96 mine

525 5366 254 100 Plan
845 5370 634 100 üszefüehre.
1554 5375 158 95 Un
1779 5383 121 87 in
1950 5375 229 95 dem
2250 5379 633 108 „entretien“
2954 5379 396 100 hawich
3421 5416 133 63 no
