1 1
1662 333 775 107 - 31 -

725 558 537 96 Madame
1345 558 434 117 Ropfer:
1925 558 316 112 „Mon
2375 558 371 96 Dieu!“
2883 558 175 96 D'r
3196 558 341 100 Unkel

466 691 429 96 Anatol!

725 845 433 117 Ropfer:
1225 845 383 113 Jesses,
1670 845 184 96 der
1912 845 221 96 lebt.
2187 883 129 58 au
2375 845 300 96 noch!

729 1016 425 100 Anatol:
1241 1016 288 100 Grad
1604 1020 150 92 les
1837 1020 167 92 ich
2087 1058 217 75 ewe
2387 1020 125 92 do
2600 1025 96 87 in
2775 1020 246 92 dere
3100 1016 466 121 Zittung,

470 1150 238 95 dass
766 1150 75 95 ‘s
891 1150 313 95 nächt
1254 1183 300 62 newe
1608 1154 187 87 mir
1854 1150 500 116 gebrennt
2412 1150 221 91 hett
2672 1225 210 21 ...
2966 1150 300 116 (setzt
3325 1150 216 91 sich

470 1279 175 96 hin
704 1279 204 96 und
962 1279 275 91 zieht
1295 1283 284 92 seine
1641 1275 404 100 Schuhe
2108 1279 163 116 an)
2341 1312 130 58 un
2533 1275 129 95 do
2725 1275 416 120 d'rwaje
3200 1312 341 58 muess

470 1408 167 96 ich
712 1404 146 96 uff
929 1408 150 92 d'r
1150 1404 258 100 Stell
1483 1404 600 96 heimfahre.
2158 1404 233 96 Diss
2471 1404 216 96 isch
2741 1412 271 108 jetzt
3087 1404 75 96 's
3237 1408 304 92 zweit

470 1537 221 96 Mol
762 1541 100 88 in
929 1541 258 88 zwei
1262 1533 288 96 Johr.
1620 1533 196 96 M'r
1883 1533 371 96 brücht
2321 1570 404 59 numme
2796 1533 129 96 de
2991 1533 359 96 Rucke
3425 1566 116 59 ze

470 1666 592 109 verwende,
1141 1704 134 54 un
1354 1662 71 96 ‘s
1495 1662 375 96 brennt
1950 1670 708 100 newe-n-eim;
2741 1666 150 88 sie
2971 1658 416 96 schiene
3471 1658 70 96 ‘s

475 1791 379 100 letscht
929 1791 221 96 Mol
1225 1800 150 87 nit
1450 1791 291 96 recht
1816 1791 467 121 gelöscht
2358 1829 117 54 ze
2550 1791 233 92 han.
2862 1787 342 96 Zittr'r
3283 1791 258 109 zwei

475 1925 258 96 Johr
804 1958 175 63 saa
1054 1920 166 96 ich
1291 1929 104 87 in
1470 1929 196 87 eim
1741 1920 234 109 furt,
2054 1954 108 58 es
2237 1916 329 96 riecht
2641 1916 267 96 noch
2979 1912 558 113 brenzlich,

475 2087 275 63 awer
812 2054 75 92 ‘s
945 2050 221 96 hett
1225 2058 387 88 niemes
1675 2046 145 95 uff
1875 2050 266 91 mich
2196 2046 250 95 höre
2508 2046 342 95 welle!

729 2246 487 95 Madame
1283 2246 425 116 Ropfer:
1854 2246 250 95 „Mon
2179 2241 367 96 Dieu!“
2616 2241 638 96 Hoffentlich
3325 2241 216 96 isch

475 2383 154 88 sin
683 2375 212 96 Hüs
958 2383 146 88 nit
1166 2412 125 59 au
1358 2375 788 96 mitverbrennt!
2221 2371 329 116 (Auch
2616 2371 163 95 die
2841 2371 430 120 übrigen
3329 2371 212 91 An-

475 2508 554 92 wesenden
1112 2512 354 113 zeigen
1550 2500 671 116 Teilnahme.)

725 2675 429 125 Ropfer:
1220 2675 525 96 Brüchsch
1808 2675 279 91 kenn
2146 2671 470 116 Angscht
2679 2708 117 58 ze
2858 2671 229 108 han,
3154 2708 108 58 es
3325 2666 221 96 isch

475 2846 54 58 e
612 2804 438 117 Zittung
1100 2837 208 71 vun
1391 2837 192 59 vor
1666 2808 254 88 zwei
2008 2800 283 112 Johr,
2375 2808 200 88 wie
2658 2800 163 96 ich
2908 2808 129 83 im
3121 2837 116 54 ze
3325 2796 221 95 lese

475 2941 191 109 gän
720 2933 238 92 hab!
1012 2991 133 13 —
1191 2929 175 96 Uff
1420 2929 163 96 die
1641 2929 196 96 Art
1895 2929 292 121 bring
2246 2929 162 96 ich
2466 2962 125 59 ne
2654 2925 262 100 doch
2975 2962 291 59 zuem
3325 2925 216 96 Hüs

475 3062 275 92 nüss!
825 3058 212 96 Alli
1100 3058 345 96 Mittel
1516 3066 196 88 wie
1787 3054 271 96 helfe
2137 3062 154 88 sin
2362 3058 275 113 guet!

729 3258 483 92 Madame
1291 3254 429 121 Ropfer:
1808 3254 233 96 Diss
2125 3254 216 96 isch
2421 3258 245 113 jetzt
2754 3258 146 88 nit
2983 3254 350 92 bitter!
3416 3312 125 9 -

470 3387 188 113 „Et
716 3396 634 87 maintenant
1408 3387 389 106 filons“,
1866 3387 71 92 's
2000 3387 212 92 isch
2275 3383 400 96 höchsti
2737 3383 229 92 Zitt.

729 3558 391 121 Ropfer
1200 3562 470 113 (umarmt
1745 3566 284 84 seine
2095 3554 263 96 Frau
2433 3558 208 92 und
2708 3554 525 117 Tochter):
3316 3550 230 112 „Au

475 3725 370 75 revoir,
925 3687 304 96 chère
1304 3687 396 109 femme,
1779 3721 159 69 au
1962 3721 387 80 revoir,
2425 3721 158 58 ma
2662 3683 309 96 chère
3041 3683 309 92 fille“.

729 3887 425 96 Anatol:
1225 3887 195 109 Ah,
1487 3887 163 96 Ihr
1712 3883 288 96 han's
2066 3921 125 58 au
2258 3883 317 96 schun
2641 3883 346 121 gelese
3054 3916 133 59 un
3250 3879 291 96 fahre

475 4054 129 58 au
670 4021 250 91 mit?
995 4000 234 112 Diss
1295 4016 217 92 isch
1583 4016 383 92 schöen
2041 4050 205 54 vun
2316 4021 59 100 i,
2450 4012 233 92 dass
2762 4008 71 96 ‘r
2900 4008 229 117 Ejre
3200 4008 341 96 Unkel

475 4158 145 84 nit
716 4158 129 84 im
941 4146 284 96 Stich
1320 4146 196 91 lon.
1620 4142 496 120 (Umarmt
2212 4137 459 117 Ropfer.)
2837 4137 229 109 „Au
3162 4137 375 105 revoir,

470 4275 563 96 Antoine!”

729 4446 429 116 Ropfer:
1245 4446 255 96 Gott
1579 4450 137 108 sej
1804 4442 329 108 Dank,
2221 4442 258 95 alter
2562 4437 413 109 Dirmel,
3058 4437 238 92 dass
3379 4433 162 96 ich

479 4571 229 91 dich
775 4575 150 92 los
995 4608 300 63 wurr.

733 4742 383 95 Anatol
1191 4746 534 116 (schüttelt
1791 4746 204 96 ihm
2062 4746 263 96 noch
2396 4746 166 91 die
2629 4742 375 112 Hand):
3083 4737 225 113 „Au
3379 4775 158 58 re-

475 4871 327 123 voir“,
850 4908 129 54 un
1033 4883 312 84 merci
1404 4912 125 59 au
1583 4875 158 96 for
1800 4875 208 96 dini
2062 4883 304 109 guete
2425 4871 737 108 Troschtwort,
3221 4871 320 91 merci

483 5000 196 96 viel
758 5000 233 96 mol.
1075 5000 266 117 (Alle
1420 5004 159 113 ab,
1658 5000 387 100 Anatol
2083 5004 396 113 hinten
2558 5000 321 92 drein.
2966 4996 292 96 Jules
3333 4992 208 95 und

470 5129 392 117 Ropfer
958 5129 508 121 ergreifen
1558 5133 387 96 wieder
2041 5133 196 92 den
2341 5129 400 96 Mörser
2833 5125 200 96 und
3129 5121 408 100 stossen

475 5254 379 125 kräftig
925 5262 187 113 zu.)

729 5429 291 96 Jules
1104 5429 196 121 (für
1379 5433 287 117 sich):
1754 5433 254 96 Gott
2087 5437 142 88 sei
2308 5408 338 117 Dank!
2729 5425 471 96 Verlobt!
3283 5421 254 100 Ver-
