1 1
1658 487 129 13 —
1937 433 125 100 99
2185 487 169 12 —

779 637 375 121 Ropfer
1225 645 262 113 (sehr
1545 645 667 130 überrascht):
2283 650 346 95 Was!?
2696 716 125 9 —
2879 658 154 92 Ihr
3100 666 150 84 sin
3312 666 179 88 mit

525 766 758 96 inverstande!?

779 933 462 92 Madame
1325 937 412 113 Ropfer:
1887 941 113 92 Ei
2087 945 559 92 natierlich!
2804 950 217 112 (Die
3108 954 379 87 andern

525 1066 462 84 stimmen
1058 1058 229 117 bei.)

716 1225 467 116 Ropfer:
1279 1229 150 96 Do
1520 1233 388 92 hawich
2000 1229 996 104 selbstverständlich
3091 1241 125 92 au
3308 1250 171 83 nix

529 1350 433 116 dergeje!
1033 1354 171 112 (Zu
1258 1354 292 117 Jean)
1612 1354 183 108 Do,
1858 1396 267 54 awer
2183 1362 392 92 zerscht
2629 1362 346 117 bringe
3041 1375 138 83 sie
3241 1366 238 96 dere

525 1479 500 104 „actrice"
1083 1479 158 92 die
1300 1479 479 96 Kostüme
1837 1521 125 54 un
2025 1521 300 58 saaue
2383 1487 196 109 Sie,
2641 1487 225 96 dass
2925 1491 179 92 m'r
3158 1496 325 91 nooch

533 1600 112 96 'm
729 1604 237 92 Esse
1050 1604 162 92 alli
1291 1612 146 84 ins
1520 1608 434 92 Theater
2033 1608 425 96 kumme.

525 1758 520 129 (Lebhafte
1104 1771 666 120 Zustimmung
1829 1775 175 91 der
2058 1779 733 108 Anwesenden,
2846 1779 379 117 Ropfer
3279 1787 200 92 und

762 1896 283 91 Jules
1108 1896 321 116 geben
1491 1900 259 92 Jean
1816 1900 192 92 und
2066 1900 325 96 Marie
2458 1904 158 92 die
2679 1904 546 121 Kostüme.)

766 2062 296 92 Jean:
1141 2062 371 96 Werde
1591 2067 246 91 alles
1916 2071 405 112 fingern
2400 2075 337 87 werde
2816 2071 246 96 alles
3141 2075 334 92 deich-

516 2187 254 92 seln!

716 2329 459 138 Ropfer:
1245 2354 180 108 „Et
1479 2362 616 88 maintenant
2158 2362 92 92 le
2308 2362 229 92 bras
2604 2400 187 54 aux
2858 2367 438 91 dames!“

762 2517 713 116 Schampetiss:
1550 2521 195 108 „La
1804 2525 412 96 bataille
2283 2521 154 100 est
2500 2529 479 117 gagnée!”

525 2671 412 116 (Ropfer
1012 2675 317 92 bietet
1412 2683 329 84 seiner
1825 2675 258 96 Frau
2166 2679 188 92 den
2433 2679 271 108 Arm,
2796 2683 675 117 Schampetiss

520 2796 200 96 und
804 2796 383 116 Ammej
1283 2800 329 117 folgen
1700 2804 641 108 hinterdrein,
2441 2804 263 92 dann
2796 2808 387 92 Jeanne
3275 2808 196 96 und

516 2921 388 108 Albert,
966 2921 334 96 ferner
1358 2925 308 108 Jules,
1737 2925 175 96 der
1975 2963 196 58 von
2233 2925 450 100 Susanne
2746 2933 195 92 und
3004 2933 462 92 Madame

504 3046 454 96 Schmidt
1041 3046 667 117 festgehalten
1787 3050 275 108 wird,
2150 3054 191 92 und
2429 3088 212 58 zum
2725 3054 404 96 Schluss
3212 3058 254 92 Jean

516 3171 200 92 und
812 3171 354 92 Marie.
1312 3171 233 96 Man
1650 3175 329 92 macht
2091 3183 221 84 eine
2421 3175 345 96 Runde
2879 3183 304 88 durch
3291 3179 180 96 das

1745 3300 484 117 Zimmer.)

758 3475 679 125 Schampetiss
1495 3483 405 113 (stimmt
1954 3483 175 92 das
2183 3483 238 92 Lied
2479 3488 196 108 an):

879 3642 362 108 „As-tu
1308 3683 125 55 vu
1491 3646 96 92 la
1650 3663 550 104 casquette,
2258 3650 92 92 la
2416 3667 550 100 casquette,

879 3767 304 91 As-tu
1241 3804 129 54 vu
1425 3771 95 92 la
1579 3783 521 105 casquette
2162 3775 125 92 du
2350 3788 241 104 père
2654 3775 571 117 Bugeaud!"

754 3933 375 92 Anatol
1220 3938 230 112 (von
1537 3938 258 91 links
1883 3946 175 88 mit
2150 3942 221 92 dem
2462 3942 1000 117 Regenschirm
3217 3929 247 134 und

504 4054 225 96 dem
866 4059 1059 116 Immortellenkranz):
2066 4063 267 91 Halt!
2471 4125 120 9 —
2721 4067 183 92 Als
3046 4067 412 96 ältschts

504 4179 562 109 „membre"
1150 4217 200 58 vun
1437 4179 142 96 d'r
1662 4184 346 95 Famili
2095 4188 392 96 schickt
2579 4192 317 108 sich's,
2987 4192 225 96 dass
3300 4196 166 96 ich

495 4338 192 62 vor
762 4304 217 121 geh!
1066 4304 163 117 (Er
1304 4309 229 116 geht
1612 4309 221 91 dem
1912 4309 200 116 Zug
2187 4317 375 112 voran.)

1175 4513 245 116 (Der
1470 4513 463 121 Vorhang
1983 4513 217 100 fällt
2250 4517 508 121 langsam.)
