1 1
2133 260 660 183 - 70 -

1171 510 367 98 Marie:
1604 514 138 99 Zu
1805 516 401 101 dienen!
2284 520 195 116 (Ab
2547 526 312 98 durch
2925 530 158 97 die
3151 511 367 144 Mitte.)

1170 680 391 116 Ammej
1699 685 742 116 (vorwurfsvoll
2541 730 120 58 zu
2770 694 754 127 Schampetiss):
3666 707 237 96 Diss

923 803 421 99 Zimmer
1411 817 209 87 wär
1689 810 259 97 doch
2023 814 375 97 schöen
2469 841 316 96 genue
2859 831 452 110 gewahn!

1167 998 687 120 Schampetiss
1925 1012 209 109 (mit
2200 1016 625 115 gedämpfter
2892 1021 484 120 Stimme):
3513 1030 234 93 Halt
3818 1033 74 91 ‘s

920 1123 242 108 Mül,
1241 1127 383 95 dumms
1695 1130 426 100 Lueder!
2270 1140 121 92 Je
2466 1147 216 88 meh
2766 1182 158 55 ass
3000 1148 178 95 m'r
3249 1153 125 92 de
3450 1154 442 95 Difficile

920 1250 346 116 spiele,
1331 1252 159 93 for
1556 1255 414 98 deschto
2036 1266 633 94 vornehmeri
2740 1270 229 117 Lytt
3036 1276 208 93 halt
3306 1279 180 92 m'r
3552 1314 209 60 uns.

1164 1443 328 95 Marie
1550 1450 484 121 (zurück):
2093 1455 136 93 Zu
2285 1457 395 99 dienen!
2750 1465 167 113 (Zu
2975 1467 714 126 Schampetiss)
3747 1474 141 95 Im

924 1580 334 82 ersten
1367 1570 311 98 Stock
1792 1586 128 84 ist
2028 1581 256 95 noch
2396 1583 174 97 das
2684 1607 615 100 sogenannte
3412 1600 472 94 Fürsten-

915 1695 405 113 zimmer
1386 1695 213 97 frei.

1160 1860 295 93 Jean:
1579 1868 752 100 Aufzuwarten.
2455 1879 576 121 Prächtiges
3160 1889 421 95 Zimmer
3706 1904 179 83 mit

913 1982 416 100 Balkon.

1161 2152 717 119 Schampetiss:
2027 2164 180 92 Ein
2286 2166 1138 106 Fuerschtenzimmer?!
3515 2242 122 10 —
3723 2186 155 105 Ja,

915 2275 178 92 das
1172 2281 217 93 thut
1472 2284 154 92 für
1701 2291 259 92 mich
2039 2294 196 92 und
2314 2304 325 86 meine
2718 2299 259 94 Frau
3060 2319 171 100 gut
3310 2316 242 85 sein.
3706 2308 171 116 (Zu

909 2400 421 119 Ammej)
1392 2404 413 98 Siehsch
1855 2412 245 110 Alti,
2155 2415 176 96 m'r
2381 2420 361 95 brücht
2793 2461 391 62 numme
3242 2433 634 96 reklamiere.

912 2525 275 93 Jetzt
1237 2528 393 97 kumme
1682 2533 176 94 m'r
1909 2542 149 87 ins
2108 2539 996 104 Fuerschtezimmer!

1156 2718 380 118 Ropfer
1622 2718 189 125 (für
1893 2730 281 117 sich):
2261 2732 200 93 Der
2544 2734 212 98 hett
2823 2779 76 70 e
2986 2747 508 110 „toupet“!
3589 2748 279 110 Nein,

909 2879 108 58 so
1067 2881 71 91 e
1202 2851 512 115 „toupet“!

1153 3010 680 120 Schampetiss
1895 3022 238 116 (gibt
2196 3027 258 93 Jean
2516 3036 155 87 ein
2737 3032 609 121 Trinkgeld):
3415 3038 239 93 Hier
3716 3041 163 92 für

911 3141 288 86 einen
1265 3136 563 120 Schoppen.

1151 3302 297 93 Jean:
1509 3305 355 99 Danke
1930 3313 333 110 schön,
2326 3316 575 101 Exzellenz!

1150 3465 358 96 Marie:
1591 3472 325 94 Wenn
1987 3476 159 92 ich
2218 3477 532 97 Exzellenz
2829 3458 316 123 bitten
3225 3491 255 93 darf!

1148 3643 380 118 Ropfer
1610 3648 188 116 (für
1873 3655 325 117 sich):
2240 3657 280 107 Nein,
2606 3697 109 58 so
2799 3703 49 54 e
2932 3671 509 111 „toupet“!
3527 3673 346 93 D'rbie

905 3767 267 93 zahlt
1235 3768 70 93 'r
1368 3770 145 96 als
1572 3782 175 87 mit
1806 3783 224 88 mim
2098 3781 296 94 Geld!

1146 3931 679 120 Schampetiss
1903 3946 151 112 (zu
2125 3947 458 121 Ammej):
2667 3956 379 108 Kumm,
3120 3960 247 94 Alti!
3517 3964 346 113 (Beide

899 4054 332 122 folgen
1295 4061 391 120 Marie.)

1143 4223 380 117 Ropfer
1605 4231 485 124 (abseits):
2243 4237 279 113 Nein,
2605 4282 109 54 so
2797 4287 51 54 e
2930 4250 521 118 „toupet“!
3593 4252 125 97 So
3806 4292 62 58 e

900 4350 509 114 „toupet“!

1144 4510 468 99 Madame
1691 4519 446 95 Schmidt
2291 4529 192 112 (die
2569 4532 175 92 das
2828 4534 420 97 Zimmer
3340 4544 330 92 rechts
3758 4553 91 84 in

893 4633 705 118 Augenschein
1655 4664 581 96 genommen
2289 4654 168 92 hat
2511 4665 174 83 mit
2710 4657 526 121 Susanne):
3309 4667 542 123 „Garçon“,

897 4758 200 93 diss
1164 4760 416 99 Zimmer
1647 4802 383 61 nemme
2097 4782 209 87 mir.

1141 4927 488 96 Susanne:
1766 4933 242 114 „Oh,
2083 4939 350 105 Quelle
2509 4943 261 97 belle
2845 4950 501 96 chambre!
3491 4956 192 116 (Ab
3758 4966 103 84 in

898 5046 175 93 das
1148 5048 484 125 Zimmer.)

1143 5215 292 93 Jean:
1501 5218 746 118 Aufzuwarten,
2321 5242 188 103 gnä
2571 5235 293 95 Frau!
