1 1
1652 333 176 148 —
1942 329 152 177 83
2195 325 213 164 —

470 587 984 117 „Mademoiselle".
1562 575 971 133 (Händeschütteln.)
2641 541 534 146 „Sincères
3275 564 215 119 féli-

525 716 562 100 citations.”
1137 775 125 12 —
1312 716 250 92 Mini
1608 708 446 96 Dochter
2108 708 204 92 isch
2366 712 500 108 üwrigens
2921 737 125 58 au
3104 737 104 54 so
3266 708 234 108 guet

533 854 183 87 wie
791 841 429 96 verlobt.

775 990 460 121 Madame
1316 991 488 96 Schmidt
1883 983 309 122 „Quel
2271 945 454 134 heureux
2796 979 458 96 hasard.“
3325 975 175 95 Er-

508 1129 346 100 lauwe
950 1125 262 108 Sie,
1241 1120 234 96 dass
1566 1116 179 96 m'r
1837 1116 238 92 Ihne
2175 1145 125 63 au
2391 1108 438 96 herzlich
2929 1104 571 121 gratüliere.

512 1228 941 141 (Händeschutteln
1442 1250 32 111 .)

775 1404 475 96 Madame
1312 1395 483 100 Schmidt:
1866 1395 138 96 Im
2070 1391 451 100 Susanne
2587 1362 267 121 siner
2916 1383 588 96 Hochzitter

529 1533 283 96 wurd
891 1529 267 96 wohl
1237 1525 688 112 d'runte-n-im
2012 1516 338 100 Garde
2441 1525 175 95 sin,
2700 1545 291 63 wenn
3079 1508 167 96 Sie
3329 1512 175 88 mit

533 1658 221 96 ‘nab
837 1658 279 117 gehn,
1195 1691 117 59 ze
1383 1687 267 58 wurr
1729 1650 158 125 ich
1962 1683 125 58 ne
2129 1645 275 121 Ihne
2483 1637 479 100 vorstelle
3037 1670 134 59 un
3246 1641 258 84 mine

533 1787 583 113 zuekünftig
1200 1779 312 96 Mann
1600 1812 154 58 au.

779 1931 475 131 Madame
1316 1929 421 121 Ropfer
1816 1929 300 92 Awer
2187 1925 288 91 recht
2541 1945 242 92 gern
2850 1920 187 117 geh
3108 1912 158 96 ich
3333 1920 175 88 mit

512 2066 242 109 nab,
837 2066 158 96 ich
1066 2100 267 58 wurr
1412 2058 154 96 ‘ne
1637 2091 129 59 no
1841 2091 125 59 au
2037 2062 263 84 mine
2375 2050 312 91 Mann
2762 2041 509 105 vorstelle,
3350 2066 158 67 wo

525 2187 841 100 wohrschienlich
1433 2221 125 58 au
1620 2175 771 104 drunte-n-isch.

779 2354 475 96 Madame
1312 2346 488 100 Schmidt:
1862 2346 133 95 Es
2050 2341 283 96 wurd
2396 2375 179 58 uns
2637 2337 284 96 recht
2983 2333 275 121 fraje,
3325 2337 187 88 sini

533 2479 800 104 Bekanntschaft
1408 2516 112 55 ze
1587 2475 383 108 mache,
2041 2471 288 95 recht
2400 2471 275 116 fraje.
2758 2462 275 117 (Man
3066 2458 446 96 wendet

537 2612 213 100 sich
816 2612 179 92 der
1062 2608 258 96 Türe
1391 2608 184 113 zu.)
1654 2600 391 116 „Après
2112 2591 346 100 vous.”

783 2775 475 96 Madame
1325 2766 420 121 Ropfer:
1825 2837 45 38 „
1883 2766 250 105 Non,
2212 2771 296 108 après
2583 2791 279 63 vous.
2583 2791 279 63 (vous.

533 2904 383 117 Ropfer
991 2900 309 91 durch
1383 2896 196 95 die
1620 2896 350 91 Mitte
2004 2891 154 92 ab.
2237 2887 471 96 Madame
2787 2879 446 100 Schmidt
3312 2875 200 96 und

537 3029 454 96 Susanne
1066 3025 288 96 nach.
1425 3016 312 96 Beide
1812 3012 521 100 Schränke
2412 3008 334 96 öffnen
2821 3004 237 96 sich.
3129 3000 383 116 Ropfer

533 3154 204 96 und
791 3154 284 92 Jules
1129 3158 400 83 müssen
1587 3154 333 83 zuerst
1979 3137 283 96 stark
2316 3146 375 95 niesen,
2754 3133 262 92 dann
3075 3129 437 96 schauen

533 3291 150 84 sie
758 3279 208 96 sich
1033 3287 250 109 ganz
1345 3271 471 145 verdutzt
1887 3271 192 108 an.)

783 3441 321 96 Jules:
1166 3446 225 91 Han
1450 3437 166 96 Sie
1679 3433 487 121 g'höert?!

787 3612 383 117 Ropfer
1245 3604 317 125 (nickt
1633 3612 175 88 mit
1887 3604 225 92 dem
2179 3596 346 116 Kopf):
2604 3591 250 109 Aeh,
2933 3591 158 92 hä!
3171 3646 125 12 —
3362 3583 150 96 Do

537 3741 217 96 isch
816 3737 250 96 böes
1133 3733 279 96 Mehl
1479 3766 125 59 an
1670 3729 125 96 de
1862 3725 534 116 Knöepfle!

791 3904 325 96 Jules:
1195 3900 171 96 Ich
1441 3900 192 92 hab
1716 3896 309 91 Bluet
2087 3891 588 117 g'schwitzt!
2829 3821 175 158 Ich
3071 3883 195 92 hab
3350 3875 171 96 alli

525 4029 345 121 Muehj
920 4029 338 121 g'hett,
1304 4021 241 137 for's
1587 4012 1038 105 Niese-n-anzehalte.
2671 4008 166 96 Ich
2887 4008 192 96 hab
3133 4004 88 96 d'
3275 4021 246 100 ganz

545 4162 196 96 Zitt
791 4158 88 92 d'
937 4154 204 96 Nas
1195 4150 134 96 im
1379 4187 54 59 e
1487 4146 600 121 gepfefferte
2146 4137 300 113 „fond
2500 4137 121 96 de
2683 4133 442 96 culotte”
3179 4129 337 121 g'hett,

541 4275 896 108 Wohlbekumm's!

791 4433 421 121 Ropfer:
1266 4433 171 92 Ich
1495 4462 155 63 au.

791 4604 325 96 Jules:
1170 4600 167 96 Sie
1383 4600 196 96 han
1625 4604 233 113 guet
1904 4592 471 108 redde, es
2425 4596 150 87 sin
2625 4583 258 96 doch
2912 4587 609 150 wenigstens

545 4729 205 121 Ejri
837 4712 358 117 Hosse.
1283 4787 125 13 —
1491 4725 79 92 E
1666 4712 642 121 Hasepfeffer
2400 4717 150 91 los
2641 4712 167 92 ich
2891 4704 175 96 m'r
3158 4704 358 121 g'falle,

550 4892 270 62 awer
891 4896 50 54 e
987 4846 754 121 Hossepfeffer!
1816 4846 217 91 Brr!

800 5021 416 116 Ropfer:
1320 5012 417 113 „Quelle
1841 5008 521 96 aventure!
2471 5004 358 104 Quelle
2929 4992 599 126 aventure!"

800 5175 320 92 Jules:
1208 5171 167 96 Ich
1462 5167 321 120 glaub,
1866 5171 242 108 jetzt
2196 5171 262 83 sotte
2550 5158 175 92 mr
2808 5125 738 125 versueche-n-

550 5308 529 92 üszerisse,
