1 1
2027 199 634 68 - 54 -

780 359 100 96 la
964 361 416 128 bataille
1468 381 151 87 est
1704 377 490 113 perdue!“
2284 319 197 179 (Ab
2572 389 312 96 durch
2968 394 163 97 die
3214 397 333 100 Mitte.
3638 405 134 98 Es

782 485 330 121 klopft
1166 492 263 99 links
1487 498 200 96 und
1742 505 404 116 rechts.)

1027 657 429 121 Ammej:
1548 663 158 97 Ihr
1794 673 542 99 exküsiere
2430 683 293 112 (setzt
2814 689 276 114 sich),
3181 694 159 91 ich
3426 732 339 63 muess

775 782 263 95 mich
1114 821 54 58 e
1243 785 304 99 bissel
1654 808 309 98 setze,
2071 804 158 88 ich
2338 806 266 95 kann
2713 820 296 86 nimm
3084 821 417 96 schnüfe
3575 860 188 63 vor

770 904 400 120 Aerjer!

1021 1078 384 119 Ropfer
1468 1084 192 120 (für
1721 1092 284 117 sich):
2072 1095 78 93 E
2209 1101 684 116 Mildebickel,
2964 1148 128 58 un
3155 1117 409 95 d'ander
3626 1123 129 92 do

774 1200 389 100 drinne!

1018 1372 288 97 Jules
1368 1378 192 117 (für
1618 1383 280 122 sich):
1968 1389 464 119 Sapristi!
2498 1396 154 96 Un
2714 1403 84 92 d'
2863 1404 451 101 Susanne
3376 1419 126 87 im
3561 1413 191 97 Te-

763 1492 412 122 lephon!
1225 1564 125 10 —
1399 1504 414 119 (Ropfer
1863 1517 412 115 ergreift
2320 1519 389 125 Ammej
2762 1528 288 112 links,
3091 1532 284 99 Jules
3412 1543 338 93 rechts

770 1632 292 84 unter
1132 1626 225 97 dem
1423 1629 313 124 Arm.)

1013 1790 417 120 Ropfer:
1485 1801 324 96 Wenn
1868 1805 70 96 'r
1992 1816 330 90 nimmi
2380 1817 412 99 schnüfe
2847 1825 361 110 könne,
3267 1831 124 93 do
3450 1839 292 93 isch's

769 1946 151 63 am
983 1916 445 117 beschte,
1494 1926 159 96 Ihr
1719 1930 255 119 gehn
2036 1974 121 55 an
2224 1939 88 92 d'
2375 1941 303 97 frisch
2749 1945 254 99 Luft.

1013 2083 322 98 Jules:
1405 2092 150 109 Ja,
1622 2132 120 59 an
1809 2101 158 93 die
2030 2118 233 103 guet
2326 2107 300 99 frisch
2693 2115 258 95 Luft.

1007 2258 425 120 Ammej:
1487 2264 221 97 Wie
1766 2267 71 95 'r
1887 2282 325 85 meine
2282 2355 178 15 ...
2536 2281 301 98 Awer
2890 2290 292 116 gelte,
3241 2297 283 107 Herr,
3581 2301 155 93 Ihr

756 2413 388 62 nemme
1214 2386 121 95 de
1406 2388 679 120 Schampetiss
2152 2403 454 96 widder?
2673 2469 129 14 -

1003 2573 418 120 Ropfer:
1504 2584 124 93 Ja
1707 2598 388 106 gewiss,
2182 2630 268 61 awer
2532 2602 425 99 z'erscht
3045 2645 125 58 an
3253 2611 89 94 d'
3424 2616 389 95 frisch

752 2695 229 95 Luft
1060 2775 193 34 ...
1344 2703 412 123 (Ropfer
1835 2720 192 90 und
2106 2721 284 95 Jules
2464 2735 172 84 mit
2711 2729 387 120 Ammej
3180 2739 306 94 durch
3568 2744 159 92 die

750 2821 304 99 Mitte
1117 2830 191 114 ab.)

994 2992 363 99 Albert
1423 3004 229 113 (von
1711 3045 245 57 vorn
2011 3011 262 99 links
2337 3019 828 126 hereintretend):
3236 3031 487 108 „Décidé-

747 3132 340 83 ment“
1147 3159 142 59 sie
1359 3162 146 59 sin
1571 3168 321 58 nierix
1963 3142 221 91 meh
2250 3181 118 55 zu
2438 3146 301 98 finde!
2875 3155 76 92 E
3025 3157 696 104 Gottsnamme

749 3238 288 111 denn,
1112 3248 154 92 ich
1338 3260 296 88 weiss
1711 3266 122 108 jo,
1909 3298 207 60 was
2188 3270 157 91 ich
2417 3280 299 89 wisse
2791 3281 229 105 will,
3099 3318 113 58 ze
3290 3295 197 84 reis
3562 3294 158 91 ich

747 3364 155 113 ab,
961 3370 254 98 ohne
1269 3412 187 71 „au
1506 3384 392 92 revoir“
1956 3424 113 58 ze
2126 3426 335 61 saaue.
2523 3398 367 115 (Durch
2947 3407 160 92 die
3164 3409 297 94 Mitte
3519 3414 195 118 ab.)

991 3562 283 95 Jules
1329 3570 412 113 (schnell
1792 3614 199 59 von
2041 3585 409 118 rechts):
2516 3589 242 98 Gott
2812 3603 134 111 sej
3001 3598 324 113 Dank,
3379 3604 333 96 d'Am-

740 3693 189 110 mej
998 3687 246 98 losst
1320 3691 149 97 'ne
1539 3706 143 88 nit
1749 3700 182 98 los,
2003 3707 275 99 Jetzt
2349 3712 537 117 g'schwind
2965 3737 224 84 erüs
3265 3740 171 84 mit
3511 3772 200 59 ere.

747 3809 520 117 (Schliesst
1331 3820 158 94 die
1560 3823 892 123 Telephonkabine
2522 3844 191 96 auf.
2780 3846 379 118 Ropfer
3223 3865 190 84 wie
3484 3896 225 59 vor-

741 3933 179 94 her
995 3973 199 62 von
1274 3944 296 124 links)
1654 3949 546 126 Nundedje,
2286 3965 143 93 d'r
2515 3977 518 108 „patron“!
3132 3980 579 116 (Versteckt

739 4060 209 93 sich
1014 4067 375 95 schnell
1456 4079 125 89 im
1648 4077 445 123 Kasten.)

982 4257 414 119 Ropfer:
1470 4268 625 122 Abg'streift,
2171 4288 240 105 jetzt
2491 4290 376 98 schnell
2946 4309 225 83 erüs
3249 4311 172 84 mit
3504 4343 203 59 ere.

740 4376 454 116 (Schliesst
1257 4390 162 94 die
1482 4393 262 98 Türe
1810 4401 346 98 hinten
2219 4409 262 96 links
2548 4416 196 109 auf,
2815 4422 437 116 schlüpft
3323 4429 379 98 schnell

731 4504 337 96 hinein
1135 4512 198 95 und
1405 4524 387 93 streckt
1862 4528 317 98 sofort
2251 4535 191 94 den
2513 4538 267 119 Kopf
2851 4549 378 94 wieder
3304 4552 393 100 heraus.

736 4626 280 99 Jules
1103 4641 388 101 streckt
1574 4652 96 85 in
1761 4650 576 119 demselben
2424 4662 637 119 Augenblick
3153 4677 191 95 den
3431 4680 268 118 Kopf

731 4784 175 64 aus
969 4758 175 93 der
1206 4760 959 136 Telephonkabine.)

974 4950 283 97 Jules
1399 4959 409 123 (Ropfer
1887 4974 608 114 erblickend,
2575 4985 153 94 für
2803 4994 284 114 sich):
3233 4997 458 119 Sapristi,

723 5081 483 91 verratzt!
