1 1
1695 334 217 115 —
1987 291 153 177 81
2241 350 227 118 —

854 550 379 116 Ropfer
1275 554 200 91 und
1520 550 321 95 Jules:
1891 554 192 91 M'r
2133 562 146 88 sin
2325 554 437 96 verlore!
2816 541 517 125 „Fichus!"
3391 554 163 116 (Es

608 679 421 116 klingelt
1108 679 308 91 stark.
1495 679 488 96 Erneutes
2058 679 433 116 Klopfen
2571 683 258 92 links
2912 683 196 92 und
3187 683 367 96 rechts,

600 804 387 116 Ropfer
1054 804 196 91 und
1316 804 279 96 Jules
1666 804 259 96 eilen
1987 820 334 80 zuerst
2387 808 617 117 unschlüssig
3071 808 195 92 und
3329 841 221 59 ver-

608 937 279 83 wirrt
945 929 167 91 hin
1175 929 195 91 und
1429 933 241 112 her.)

850 1079 320 96 Jules:
1229 1083 396 96 Schnell
1679 1083 183 96 los!
1925 1083 462 117 (Ergreift
2437 1083 375 117 Ropfer
2858 1120 154 59 am
3062 1083 246 92 Arm
3354 1083 200 96 und

612 1208 175 92 eilt
854 1216 175 84 mit
1100 1208 195 92 ihm
1366 1208 175 92 der
1616 1208 563 96 Mitteltüre
2250 1246 146 54 zu.
2475 1208 129 96 Es
2675 1204 324 128 klopft
3075 1208 275 96 stark
3429 1246 125 58 an

608 1333 179 96 der
858 1333 633 117 Mitteltüre.)

858 1483 375 121 Ropfer
1316 1483 200 96 und
1591 1483 288 96 Jules
1316 1483 200 96 und
1966 1487 542 113 (entsetzt):
2604 1483 612 113 „Flambés!"
3308 1483 242 96 Ver-

608 1608 299 125 ratzt!

854 1733 416 121 Ropfer:
1341 1737 496 96 Schliesse
1908 1733 167 100 Sie
2141 1737 380 92 schnell
2591 1737 213 92 zue!

850 1887 283 96 Jules
1187 1887 679 117 (enttäuscht):
1925 1887 170 92 D’r
2146 1887 504 96 Schlüssel
2691 1887 213 92 isch
2950 1833 600 146 üssewendi!

616 2016 167 117 (Es
850 2016 320 117 klopft
1241 2050 125 58 an
1437 2012 263 96 allen
1762 2012 213 96 drei
2029 2012 412 134 Türen.)

854 2166 416 117 Ropfer:
1325 2166 500 92 Verratzt!
1895 2129 296 129 Fütti!
2250 2146 529 133 Kapores!
2800 2133 241 125 Was
3091 2162 459 96 mache?!

608 2287 319 129 (Jules
1000 2291 200 92 und
1254 2275 375 133 Ropfer
1695 2291 259 92 eilen
2016 2296 188 87 wie
2271 2287 612 117 wahnsinnig
2950 2296 125 83 im
3141 2287 417 92 Zimmer

616 2417 409 116 umher.)

858 2542 379 116 Ropfer
1287 2542 196 91 und
1537 2537 317 96 Jules;
1912 2542 238 91 Was
2204 2537 433 96 thuen?!
2675 2537 241 96 Was
2975 2537 412 96 thuen?!

858 2692 279 95 Jules
1191 2696 196 112 (die
1437 2692 513 95 Schränke
2004 2687 612 109 erblickend,
2662 2696 192 87 wie
2904 2687 650 117 erleichtert):

616 2817 521 108 „Patron",
1195 2817 375 91 schnell
1629 2825 96 83 in
1783 2817 158 91 die
2000 2817 475 91 Käschte!
2546 2812 158 117 (Er
2762 2821 317 83 stürzt
3133 2812 208 92 sich
3396 2808 170 96 auf

620 2942 192 91 den
875 2942 454 91 Schrank
1395 2937 363 109 rechts,
1825 2937 375 113 Ropfer
2266 2937 167 92 aut
2500 2937 191 92 den
2758 2936 449 92 Schrank
3271 2933 291 96 links.

616 3071 309 91 Beide
1000 3071 758 91 verschwinden
1837 3075 171 87 mit
2091 3087 392 96 grosser
2566 3062 746 121 Schnelligkeit,
3396 3062 166 96 Sie

620 3196 471 91 strecken
1154 3192 258 95 noch
1475 3192 358 95 einmal
1900 3192 375 95 schnell
2350 3192 187 91 den
2604 3187 267 117 Kopf
2937 3192 363 129 heraus
3366 3187 200 92 und

620 3329 396 83 müssen
1091 3317 275 95 stark
1445 3321 409 112 niesen.)

862 3467 413 121 Ropfer:
1354 3471 350 92 Keiwe
1775 3467 404 96 Pfeffer!

862 3621 321 96 Jules:
1312 3621 571 117 Nundedjes
1945 3617 405 96 Pfeffer!
2487 3617 409 116 (Ropfer
2991 3617 200 91 und
3283 3613 279 95 Jules

616 3746 354 96 ziehen
1045 3746 375 96 schnell
1500 3746 162 96 die
1733 3742 333 121 Köpfe
2137 3746 404 92 zurück.
2629 3742 254 96 Jean
2962 3742 196 96 und
3237 3738 325 95 Marie

616 3883 334 84 treten
1020 3871 163 92 auf
1254 3871 304 92 durch
1629 3871 162 92 die
1862 3867 629 116 Mitteltüre.)

862 4021 296 92 Jean:
1233 4021 754 92 Aufzuwarten!

862 4175 358 92 Marie:
1275 4171 133 96 Zu
1458 4175 396 92 dienen!
1912 4171 292 112 (Jean
2254 4171 196 92 und
2500 4171 325 92 Marie
2875 4179 400 79 stürzen
3321 4163 237 112 sich,

616 4300 175 92 der
850 4308 220 84 eine
1125 4300 166 92 auf
1345 4296 225 96 den
1591 4296 450 96 Schrank
2075 4296 379 129 rechts,
2512 4292 159 96 die
2725 4296 366 92 andere
3150 4292 166 91 auf
3371 4238 191 145 den

616 4425 454 100 Schrank
1158 4421 287 96 links.
1545 4421 163 96 Sie
1795 4383 588 142 versuchen‚
2479 4417 158 96 die
2729 4417 512 96 Schränke
3333 4442 225 66 vom

616 4546 304 96 Fleck
1004 4583 116 55 zu
1191 4546 479 117 bringen.)

866 4679 254 92 Jean
1191 4683 242 113 (sich
1504 4679 737 117 anstrengend):
2290 4667 360 135 Meine
2716 4671 355 96 Kräfte
3141 4675 425 92 nehmen

625 4842 191 58 von
883 4804 204 117 Tag
1158 4838 117 58 zu
1345 4804 205 117 Tag
1616 4804 154 92 ab.

862 4942 325 92 Marie
1266 4921 742 138 (desgleichen):
2091 4938 225 96 Und
2387 4946 321 83 meine
2783 4900 525 129 stündlich.

862 5088 467 96 Madame
1416 5088 375 116 Ropfer
1887 5096 225 113 (von
2200 5088 258 91 links
2546 5088 708 116 schimpfend):
3325 5088 229 91 Alle

616 5217 292 117 hopp,
975 5217 362 96 wurd's
1400 5217 266 92 ball?
