1 1
1796 314 247 116 -
2192 311 133 103 22
2471 370 142 14 -

987 525 425 120 Ropfer:
1491 527 274 100 Sehn
1840 531 197 110 Sie,
2116 567 132 60 un
2323 569 110 89 so
2511 542 155 88 sin
2740 533 505 97 Dutzendi
3323 535 455 120 drunter.

993 697 292 97 Jules
1367 701 238 117 (von
1680 700 342 120 links):
2113 701 234 112 „Me
2422 705 304 106 voilà,
2805 703 459 117 patron“,
3343 706 163 95 ich
3581 705 203 96 hab

737 833 147 88 sie
945 828 429 119 gezählt,
1441 865 105 58 es
1608 837 154 88 sin
1820 829 246 119 grad
2124 830 376 120 fuffzig,
2563 839 196 89 wie
2820 834 159 92 ich
3042 835 445 94 bienand
3546 829 237 101 hab.

744 954 284 120 (Gibt
1107 965 146 88 sie
1324 954 458 123 Ropfer.)

988 1125 425 120 Ropfer:
1480 1125 341 115 „C'est
1875 1130 639 122 prodigieux!
2584 1132 474 111 (Blättert
3109 1144 100 88 in
3267 1138 196 96 den
3517 1137 263 96 Kar-

733 1259 208 116 ten)
1000 1255 337 96 Herrn
1386 1253 376 115 Huber,
1790 1259 388 119 Mayer,
2245 1260 458 112 Schulze,
2765 1262 460 96 Susanne
3286 1263 492 100 Schmidt.

740 1382 412 120 (Verrät
1218 1404 350 99 grosse
1635 1383 625 124 Aufregung,
2335 1390 163 93 die
2570 1390 211 95 sich
2852 1392 192 93 den
3120 1391 374 95 beiden
3557 1391 224 93 An-

734 1511 558 96 wesenden
1360 1512 482 119 mitteilt.)
1917 1514 359 96 Kenne
2355 1515 167 97 Sie
2605 1556 108 55 so
2797 1554 50 58 e
2926 1517 450 96 Person?
3455 1581 129 10 -

990 1693 292 95 Jules
1361 1697 610 117 (betroffen):
2053 1700 234 98 Ich?
2366 1765 120 39 —
2561 1705 284 107 Nein,
2924 1711 262 105 nein,
3266 1743 191 74 „au
3533 1745 242 58 con-

739 1829 413 107 traire“,
1206 1820 70 97 ‘s
1327 1827 212 93 isch
1598 1862 50 59 e
1706 1827 529 112 „cliente“,
2290 1837 195 88 wie
2544 1868 183 60 uns
2784 1841 97 88 in
2939 1840 230 87 mim
3226 1834 205 96 alte
3490 1836 288 94 Platz

746 1986 51 58 e
871 1947 555 125 B'stellung
1500 1956 467 114 gemacht
2042 1958 247 94 hett.
2364 2019 125 11 -

990 2118 384 122 Ropfer
1435 2126 393 117 (weiter
1882 2127 555 114 blätternd:
2499 2133 424 122 unruhig
2978 2135 159 96 für
3190 2139 288 116 sich):
3545 2137 237 97 Sott

743 2282 154 60 am
959 2247 326 98 End!?
1355 2314 129 9 —
1543 2253 376 111 „Non“,
1990 2257 69 93 ‘s
2123 2260 216 95 isch
2401 2263 334 94 sicher
2798 2299 53 59 e
2914 2263 426 97 Zuefall!
3405 2326 126 11 —
3601 2266 179 116 (Zu

742 2374 325 120 Jules)
1150 2376 379 114 „Enfin,
1613 2379 250 98 c'est
1941 2384 472 115 parfait“.
2500 2385 284 116 (Gibt
2859 2388 200 97 ihm
3142 2391 162 97 die
3384 2393 395 96 Karten

744 2505 450 119 zurück.)
1270 2504 236 98 Diss
1578 2508 204 93 will
1857 2508 162 95 ich
2094 2509 259 96 doch
2427 2512 551 117 g'schwind
3052 2523 388 88 minere
3511 2519 272 94 Frau

743 2665 442 63 saauwe,
1272 2633 179 94 Die
1526 2632 222 98 hett
1826 2673 125 58 an
2035 2675 109 59 so
2231 2639 329 97 Sache
2639 2681 54 54 e
2772 2641 259 97 leids
3106 2644 330 95 Freid,
3527 2645 249 117 (Ab-

704 2759 433 119 gehend
1209 2762 158 92 für
1442 2762 246 121 sich)
1767 2763 167 94 Ich
2004 2800 334 61 muess
2409 2779 266 98 nüss,
2755 2805 158 58 um
2988 2770 262 93 mich
3321 2806 200 59 vun
3596 2779 179 88 mi-

736 2887 892 99 nere-n-Emotion
1777 2893 672 97 ze-n-erhole,
2654 2897 204 94 Der
2998 2897 450 109 Namme,
3598 2899 185 94 der

739 3012 459 100 Namme!
1293 3017 455 98 Susanne
1840 3019 492 99 Schmidt!
2432 3020 228 98 Sott
2727 3061 179 63 am
2994 3023 220 97 End
3306 3027 283 116 gar!?
3690 3025 88 93 O

741 3178 222 73 nee,
1043 3143 70 97 's
1184 3147 216 95 isch
1475 3146 334 97 sicher
1888 3186 50 58 e
2009 3148 429 98 Zuefall!
2526 3149 270 118 (Ab.)

994 3324 326 97 Jules:
1407 3330 166 94 Ich
1653 3331 195 95 hab
1877 3370 109 99 e
2069 3334 442 96 schoene
2599 3335 516 97 Schrecke
3203 3338 575 113 bekumme,

743 3459 192 87 wie
1007 3452 74 96 'r
1147 3455 266 95 mich
1477 3466 258 109 waje
1805 3460 142 92 d'r
2021 3458 460 97 Susanne
2555 3460 401 120 g'fröuit
2968 3465 308 125 hett.

999 3620 405 98 Albert:
1491 3625 434 99 Gelacht
2001 3629 223 98 hätt
2300 3633 187 109 ich,
2571 3672 294 60 wenn
2950 3638 71 93 'r
3104 3641 337 116 gelese
3525 3644 299 111 hätt,

744 3786 212 60 was
1024 3749 138 96 uff
1231 3751 146 96 d'r
1440 3752 259 98 Kart
1764 3757 300 96 steht.

997 3919 329 98 Jules:
1392 3922 171 98 Ich
1629 3963 154 71 au,
1855 3965 104 58 es
2030 3930 213 93 isch
2309 3937 170 88 nix
2547 3934 375 112 drowe,
2993 3944 191 89 wie
3255 3975 50 59 e
3375 3960 405 100 grosser

741 4048 608 99 Fettflecke.
1432 4052 318 123 (Zeigt
1825 4056 199 93 ihm
2103 4059 163 93 die
2345 4057 387 117 Karte.)

1001 4233 367 95 Albert
1438 4240 556 117 (ironisch):
2069 4242 75 95 E
2214 4240 416 99 schoeni
2697 4244 280 111 Kart,
3052 4247 154 93 for
3276 4255 100 84 in
3444 4253 341 90 sinere

750 4358 508 123 früehjere
1333 4363 513 98 Liebschti
1925 4403 117 59 ze
2117 4369 546 96 schicke.

999 4541 328 100 Jules:
1390 4547 145 110 Ei,
1606 4554 146 89 sie
1816 4548 524 118 bekummt
2411 4587 104 60 se
2582 4559 91 105 jo
2740 4559 175 87 nit.
2986 4553 187 96 Die
3240 4554 254 98 Kart
3565 4559 216 94 isch

747 4674 92 113 jo
901 4669 146 96 nit
1105 4671 288 97 zuem
1451 4673 658 101 fortschicke.
2173 4677 169 97 Ich
2397 4679 196 97 hab
2654 4686 93 113 jo
2814 4680 162 96 die
3042 4703 247 100 ganz
3355 4682 425 100 Kollek-

750 4804 216 88 tion
1032 4811 397 86 numme
1495 4805 350 94 nooch
1892 4811 232 87 mim
2191 4806 933 101 Adressematerial
3191 4812 593 110 fawriziert.

752 4920 155 97 for
970 4922 161 97 bie
1194 4934 230 88 mim
1490 4929 488 120 „patron“
2049 4968 53 58 e
2169 4946 354 105 gueter
2586 4933 437 98 Indruck
3090 4974 112 59 ze
3269 4940 388 96 mache.

1004 5111 405 94 Albert:
1472 5112 157 95 Un
1692 5114 329 98 denne
2088 5118 572 117 „cynisme“
2725 5119 313 95 hesch
3100 5120 130 96 dü
3296 5157 125 60 au
3484 5121 300 109 noch,

753 5241 799 125 inzeg'schtehn,
1612 5242 233 93 dass
1920 5242 132 95 dü
2128 5244 163 95 die
2366 5245 325 96 Karte
2762 5245 604 97 absichtlich
3441 5248 342 96 fawri-

760 5367 254 89 ziert
1107 5364 376 97 hesch?
