1 1
2075 254 333 91 -7-

662 466 483 79 comment
1216 470 354 92 vas-tu,
1645 458 530 112 général?“
2237 520 125 13 —
2421 462 300 96 D'rno
2791 466 292 92 hätt'r
3150 479 187 83 wie
3408 491 158 96 ge-

662 575 538 95 wöhnlich
1262 579 421 116 anfange
1770 587 184 88 sini
2037 583 896 121 Kriejscampagne,
3058 595 271 88 wie'r
3412 600 159 83 nie

662 700 446 112 gemacht
1175 700 237 108 hett,
1483 741 108 54 ze
1658 708 492 104 verzähle,
2221 741 125 59 un
2412 720 204 80 wär
2687 712 642 117 uewerhaupt
3391 750 180 91 vor

662 820 317 96 Nacht
1037 833 325 83 nimmi
1420 825 259 91 heim
1737 829 421 91 kumme.
2225 829 154 96 Un
2437 833 254 92 noch
2754 841 92 84 in
2908 870 204 59 was
3175 837 279 92 for'm
3516 870 55 59 e

662 945 529 125 Zuestand!

904 1070 404 138 Ropfer:
1387 1095 125 92 Ze
1583 1104 175 104 reij
1833 1100 221 91 dich
2133 1104 250 87 doch
2450 1108 141 87 nit
2671 1108 466 112 unnöthig
3208 1104 171 96 uff!

904 1270 458 96 Madame
1425 1275 408 116 Ropfer:
1900 1279 112 91 Ei
2075 1312 150 71 na,
2296 1279 70 91 ‘s
2429 1283 204 92 isch
2700 1316 125 59 au
2883 1283 308 96 wohr!
3266 1283 305 117 (Nach

662 1400 171 91 der
895 1395 255 96 Türe
1212 1400 533 116 schauend)
1816 1404 296 104 „Mon
2175 1404 350 91 Dieu“
2587 1404 167 91 D'r
2812 1408 329 92 Unkel
3208 1408 363 92 Anatol

662 1520 404 92 kummt!
1158 1525 400 112 (Anatol
1637 1533 125 83 ist
1845 1529 305 87 durch
2229 1529 175 91 das
2491 1529 705 91 Schaufenster
3275 1533 296 87 sicht-

658 1645 242 113 bar.)

900 1795 408 117 Ropfer:
1383 1800 433 112 Heiliger
1887 1800 575 91 Strohsack!
2546 1787 195 104 Der
2812 1795 209 96 hett
3096 1800 170 91 m'r
3337 1804 296 112 grad

658 1920 250 92 noch
970 1920 371 117 g'fehlt!

904 2070 366 88 Anatol
1350 2075 250 108 (tritt
1670 2070 300 92 durch
2045 2070 155 92 die
2279 2070 492 92 Ladentür
2846 2075 187 91 auf.
3116 2075 125 87 Er
3312 2075 259 116 trägt

662 2200 283 83 einen
1012 2195 492 105 Gehrock,
1570 2195 713 92 altmodischen
2350 2195 479 113 Zylinder,
2900 2200 321 87 hohen
3287 2200 284 91 Steh-

625 2316 404 117 kragen
1129 2325 175 83 mit
1404 2316 946 121 selbstgebundener
2454 2316 512 96 Kravatte.
3112 2316 459 96 Samtene

658 2441 371 92 Weste.
1095 2441 421 92 Grosses
1587 2441 604 92 Schuhwerk
2254 2441 196 92 und
2512 2441 654 109 Gamaschen;
3241 2479 100 54 er
3404 2441 167 92 hat

662 2562 333 117 langes
1079 2562 337 113 Haar):
1512 2562 508 117 „Bonjour,
2104 2562 96 92 la
2287 2562 675 117 compagnie!“
3058 2562 158 117 (Er
3304 2566 267 92 stellt

658 2695 271 80 seine
979 2687 646 92 Reisetasche
1679 2695 300 84 sowie
2037 2695 338 84 seinen
2429 2687 712 92 altmodischen
3196 2687 375 92 Schirm

658 2808 317 92 neben
1041 2808 188 92 den
1300 2808 291 92 Tisch
1654 2808 191 92 und
1912 2808 225 113 geht
2212 2808 159 92 auf
2437 2808 159 92 die
2658 2808 696 92 Anwesenden
3425 2841 141 71 zu,

662 2933 313 88 denen
1041 2966 100 55 er
1204 2933 154 88 die
1420 2933 346 92 Hände
1829 2929 504 117 schüttelt)
2396 2929 154 92 Ihr
2608 2933 354 88 muehn
3025 2937 541 96 excusiere,

662 3054 225 92 dass
979 3054 150 92 ich
1216 3054 267 112 Ejcjh
1575 3062 141 84 nit
1804 3050 600 116 g'schriwwe
2500 3054 216 104 hab,
2812 3054 150 87 ich
3054 3054 217 87 hab
3337 3050 234 116 Ejch

658 3175 508 96 welle-n-e
1245 3179 575 112 angenehmi
1904 3175 546 112 „surprise“
2533 3175 342 91 mache
2954 3183 167 83 mit
3200 3183 366 83 minere

658 3300 287 91 Visit!

904 3450 378 111 Ropfer
1341 3450 548 111 (für sich):
1943 3450 86 111 E
2087 3454 404 107 schoeni
2558 3450 582 111 „surprise“!

895 3629 463 87 Madame
1408 3625 371 116 Ropfer
1841 3629 238 112 (laut
2129 3629 587 112 schreiend):
2775 3629 350 100 Unkel,
3179 3571 152 149 Ihr
3386 3571 184 149 han

658 3750 312 116 juscht
1037 3787 50 54 e
1154 3750 500 91 schlechte
1716 3750 442 91 Moment
2229 3750 446 112 gewählt,
2741 3758 196 104 mir
2983 3750 288 87 welle
3333 3750 229 112 grad

658 3879 437 87 verreise
1158 3871 137 91 uff
1345 3871 621 91 Bade-Bade.

900 4021 404 91 Anatol:
1370 4091 42 38 „
1429 4021 400 104 Merci“,
1891 4021 150 91 ich
2104 4021 254 91 dank
2421 4021 150 91 for
2629 4021 721 112 d'Noochfröuj,
3412 4016 154 92 ich

658 4150 262 87 kann
991 4154 138 83 nit
1204 4146 387 91 klaaue.

895 4296 409 112 Ropfer:
1366 4296 125 91 Er
1554 4296 216 91 hört
1833 4296 137 87 als
2029 4296 250 91 noch
2337 4300 138 83 nit
2529 4291 375 92 besseri
2962 4350 121 12 —
3146 4291 416 113 (Schrei-

662 4421 217 112 end)
966 4416 246 96 Mini
1283 4421 254 87 Frau
1616 4416 213 92 hett
1908 4416 329 117 g'saat,
2325 4416 225 92 dass
2629 4425 142 83 sie
2850 4421 437 83 verreise
3366 4412 196 92 will

658 4541 133 92 uff
845 4541 621 105 Bade-Bade,
1525 4575 120 54 un
1704 4541 225 92 dass
1987 4537 67 92 'r
2104 4537 312 92 leider
2466 4546 142 83 nit
2662 4537 484 92 dobliewe
3208 4537 358 92 könne.

900 4704 404 92 Anatol:
1391 4704 463 108 „Merci“,
1941 4704 196 92 diss
2216 4708 292 83 weiss
2591 4700 180 108 ich,
2858 4700 221 91 dass
3171 4700 150 91 ich
3400 4700 162 91 bie

654 4829 233 112 Ejch
916 4825 429 116 allewyl
1420 4837 225 104 guet
1720 4825 651 112 uffgenumme
2446 4825 191 87 bin.

895 4987 409 117 Ropfer:
1387 4987 75 92 E
1541 4987 329 117 heiligi
1950 4987 762 113 Drejfaltigkeit!
2800 4987 221 92 Diss
3104 4987 204 92 isch
3391 4983 171 92 m'r

654 5121 229 104 jetzt
950 5146 50 58 e
1058 5116 246 88 netti
1366 5108 692 117 B'scheerung!
