1 1
1581 332 808 103 - 33 -

764 553 396 120 Ropfer
1302 554 737 122 (Schampetiss
2144 590 204 63 von
2452 551 346 99 rechts
2935 552 630 123 anfassend):

509 684 360 98 Furt?!
944 683 233 100 Wie
1247 683 325 98 furt?!

768 854 429 124 Ropfer:
1280 855 158 112 Ja,
1513 856 205 99 han
1788 856 75 95 'r
1938 848 146 104 sie
2159 858 271 95 denn
2497 863 154 91 nit
2718 856 628 120 üsgedüscht
3418 891 157 62 am

517 986 471 100 Schalter
1063 1024 212 59 vun
1351 988 150 96 d'r
1576 988 496 97 Poscht?!

767 1157 708 122 Schampetiss
1579 1160 379 120 (macht
2054 1161 163 96 die
2313 1158 583 123 Bewegung
2992 1160 182 97 des
3267 1157 308 121 Weg-

512 1286 449 100 werfens
1020 1294 67 117 ):
1154 1287 203 100 Nix
1416 1327 117 61 ze
1587 1289 420 97 Poscht!
2067 1287 200 100 Nix
2325 1324 121 63 ze
2507 1288 510 100 Schalter!
3082 1286 239 100 Pfft!
3388 1287 191 100 Als

516 1427 104 87 in
703 1418 125 125 de
911 1416 730 99 Briefkaschte
1724 1419 221 96 mit!
2036 1419 159 97 Do
2278 1417 296 99 wurd
2657 1425 175 88 nix
2920 1416 658 123 üsgedüscht,

510 1548 175 95 het
736 1549 150 95 als
936 1549 150 95 d'r
1135 1546 543 121 Napoléon
1727 1547 133 96 III
1910 1544 352 121 g'saat.
2312 1545 232 114 Pfft,
2598 1546 150 97 als
2798 1556 101 87 in
2948 1547 126 96 de
3124 1544 458 121 Kaschte

515 1678 220 95 mit!
819 1674 191 100 Als
1090 1675 208 96 furt
1373 1680 218 92 mit!

773 1860 336 97 Jules:
1189 1859 216 99 Alli
1484 1860 788 116 drejhundert?!

776 2032 742 118 Schampetiss:
1588 2031 638 112 „Serviteur!
2293 2029 196 96 Par
2551 2043 434 104 rapport
3043 2039 62 87 à
3160 2027 100 100 la
3260 2036 325 133 jour-

521 2168 196 85 née
783 2157 681 122 historique!”
1600 2159 280 118 Zing!
1958 2157 281 117 Zing!
2384 2158 191 97 Als
2646 2164 172 91 nin
2888 2161 217 95 mit!
3247 2157 338 112 „Elles

521 2287 558 120 voyagent!
1146 2284 275 96 Elles
1483 2283 625 123 voyagent!”

862 2470 425 120 (Ropfer
1367 2473 204 94 und
1654 2473 291 92 Jules
2024 2471 421 95 wütend
2524 2471 171 96 auf
2774 2472 204 96 und
3058 2472 196 119 ab.)

778 2670 429 120 Ropfer:
1290 2672 234 95 Diss
1602 2673 221 95 isch
1895 2669 182 96 m'r
2157 2679 242 108 jetzt
2478 2709 55 58 e
2611 2671 422 97 schöeni
3111 2669 476 97 B'schee-

523 2802 292 113 rung!

781 2978 295 96 Jules
1135 2979 192 121 (für
1385 2980 291 121 sich):
1740 2981 421 100 Wenn's
2219 2983 467 100 Susanne
2739 2989 312 92 minni
3101 2985 260 97 Kart
3411 2983 182 100 be-

530 3109 417 111 kummt,
1010 3116 175 88 mit
1251 3108 117 96 'm
1430 3109 500 122 Stempfel
1993 3145 208 62 vun
2260 3108 150 96 d'r
2464 3110 500 120 Apothek
3026 3111 384 113 drowe,
3472 3149 121 60 ze

526 3239 175 92 bin
772 3245 28 87 i
871 3237 447 126 verlore!
1392 3238 268 113 Adje
1730 3239 383 97 Partie!

784 3407 708 122 Schampetiss
1571 3411 542 119 (singend):
2321 3409 221 99 „Elle
2621 3410 186 118 est
2843 3410 281 106 faite,
3200 3411 100 96 la
3375 3449 221 59 cas-

534 3549 387 107 quette,
992 3537 100 96 la
1167 3552 574 107 casquette,
1820 3540 197 95 elle
2092 3541 154 95 est
2317 3538 254 99 faite
2646 3577 254 58 avec
2979 3540 133 96 du
3183 3541 212 120 poil
3467 3541 129 96 de

533 3665 588 96 chameau.”

783 3849 429 121 Ropfer:
1278 3851 591 111 „Chameau
1928 3851 638 99 toi-même!“
2628 3855 217 93 Eim
2904 3890 54 59 e
3015 3890 113 59 so
3190 3890 55 59 e
3303 3853 292 97 Stoss

532 4015 116 58 ze
723 3977 404 97 liefere!
1211 3979 283 97 Jetzt
1573 4018 276 58 awer
1927 3990 217 100 nüs,
2232 4016 287 60 zuem
2594 3980 213 97 Hüs
2886 3989 217 101 nüs,
3190 3982 146 96 als
3419 3987 175 89 nix

531 4110 195 92 wie
801 4108 222 95 nüs!
1111 4105 361 120 (Packt
1544 4106 171 95 ihn
1790 4107 171 95 auf
2039 4115 284 88 einer
2397 4105 313 109 Seite,
2789 4106 289 96 Jules
3157 4108 175 95 auf
3411 4108 183 95 der

535 4232 522 118 anderen.)
1131 4233 246 97 Nüs!
1448 4234 162 96 Un
1672 4235 409 93 kumme
2144 4241 187 88 mir
2393 4242 342 88 nimmi
2797 4235 188 96 in’s
3048 4232 216 100 Hüs
3335 4234 254 96 erin!

542 4360 208 117 (Sie
810 4358 396 100 werfen
1268 4363 170 96 ihn
1509 4398 175 61 zur
1751 4360 267 97 Türe
2085 4361 432 111 hinaus.)

788 4528 400 122 Ammej
1250 4537 213 114 (mit
1521 4534 229 93 dem
1809 4532 333 100 Besen
2201 4571 166 58 von
2367 4533 392 110 links,
2818 4531 178 97 hat
3055 4535 162 94 die
3276 4533 320 96 letzte

537 4648 329 101 Szene
921 4657 667 119 überblickt):
1679 4661 317 113 Gelte,
2059 4661 296 111 Herr,
2417 4700 109 58 er
2584 4663 220 96 isch
2858 4661 393 96 widder
3309 4662 279 96 voll?

787 4820 429 122 Ropfer:
1283 4830 158 113 Jo,
1508 4872 133 58 un
1695 4836 267 95 wie!

791 4994 437 119 Ammej:
1307 5000 183 114 Na,
1569 5005 180 96 der
1828 5003 187 99 soll
2098 5003 177 97 ebs
2357 5001 413 99 erlewe!
2858 5002 237 117 (Eilt
3175 5000 416 132 Scham-

532 5127 325 113 petiss
986 5129 179 92 mit
1303 5131 921 124 geschwungenem
2361 5133 333 93 Besen
2819 5131 334 118 nach.)
3299 5128 295 97 Wart

532 5253 441 96 numme!
1044 5253 259 97 Dich
1368 5259 201 93 will
1643 5260 163 142 ich
1872 5261 318 96 schun
2256 5258 343 97 treffe!
2669 5322 129 9 —
2869 5260 274 118 (Ab.)

785 5420 292 97 Jules
1168 5429 288 117 (ganz
1543 5431 568 118 geknickt):
2202 5428 233 98 Diss
2523 5427 191 99 soll
2798 5435 250 113 jetzt
3131 5436 175 88 nix
3398 5429 187 96 sin!
