1 1
1686 287 143 185 —
1939 266 151 168 89
2211 300 181 123 —

533 533 504 104 Madame,
1100 529 142 120 do
1290 529 150 95 sin
1500 529 158 91 die
1720 525 292 95 Dieb!
2083 520 413 121 (Ropfer
2554 520 200 92 und
2812 520 279 96 Jules
3154 516 350 121 stehen

529 666 204 88 wie
800 662 250 88 zwei
1112 654 563 116 begossene
1737 650 313 95 Pudel
2120 650 192 116 da.)

787 808 396 96 Wanda
1250 808 333 92 Stern:
1716 804 271 96 Um's
2058 800 479 95 Himmels
2604 800 404 95 Willen!
3083 795 421 117 Richtig,

533 945 337 88 meine
950 933 520 96 Kostüme!
1558 933 167 92 Ich
1804 929 271 96 laute
2162 962 175 58 zur
2421 925 404 95 Polizei.
2912 925 346 95 Haltet
3346 920 162 96 die

541 1062 325 96 Diebe
954 1058 662 96 unterdessen
1704 1054 233 108 fest!
2100 1054 329 116 (Läuft
2521 1050 379 95 schnell
2987 1083 171 58 zur
3246 1045 262 96 Türe

529 1187 396 109 hinaus,
1000 1187 208 92 laut
1275 1183 391 117 rufend)
1745 1183 359 108 Diebe!
2175 1179 354 117 Diebe!
2612 1175 700 96 Schutzmann!

791 1337 471 96 Madame
1333 1333 421 117 Ropfer:
1833 1325 204 116 „Eh
2104 1333 262 100 bien,
2446 1325 408 96 merci!”
2929 1329 212 92 Uns
3216 1325 296 96 ellein

541 1504 121 58 ze
716 1466 167 96 lon
937 1471 175 87 mit
1170 1466 255 92 dene
1483 1466 250 88 zwei
1791 1458 296 125 Dieb!
2154 1458 204 117 (Sie
2416 1462 296 117 reisst
2775 1454 158 92 die
2991 1454 263 92 Türe
3316 1450 192 108 auf,

541 1591 479 96 Madame
1120 1587 446 100 Schmidt
1666 1583 204 96 und
1966 1583 450 121 Susanne
2521 1587 404 88 stürzen
3025 1575 487 96 ebenfalls

541 1721 188 91 der
812 1716 263 92 Türe
1162 1750 150 58 zu.
1454 1712 237 92 Alle
1775 1712 216 92 drei
2108 1708 458 96 schreien
2683 1737 571 104 zusammen
3337 1733 175 63 aus

550 1837 800 100 Leibeskräften.)

795 1979 471 96 Madame
1316 1975 413 116 Ropfer,
1750 1975 471 91 Madame
2275 1966 446 100 Schmidt
2771 1966 200 96 und
3021 1966 491 92 Susanne:

541 2108 367 96 Diebe!
975 2104 354 96 Diebe!
1400 2104 220 108 „Au
1679 2100 391 96 voleur!
2141 2096 88 95 A
2291 2091 613 100 l’assassin!”

795 2254 384 121 Ropfer
1245 2237 546 134 (kläglich):
1862 2254 133 92 Ze
2058 2250 375 129 bruele
2475 2246 258 95 doch
2796 2250 141 87 nit
3008 2279 204 58 eso.

800 2408 320 96 Jules:
1195 2408 159 92 Ihr
1416 2404 350 96 mache
1829 2412 125 109 jo,
2020 2404 230 92 dass
2321 2400 70 96 's
2458 2408 246 109 ganz
2771 2396 304 96 Hotel
3141 2429 375 58 zamme

545 2537 384 96 lauft!

800 2658 470 96 Madame
1341 2654 488 96 Schmidt:
1908 2654 304 113 „Mon
2287 2650 354 96 Dieu!”

804 2812 471 92 Madame
1325 2808 412 117 Ropfer:
1804 2808 225 92 Diss
2087 2812 150 88 sin
2287 2812 92 113 jo
2433 2804 321 92 zahmi
2804 2800 600 121 Engländer!

804 2950 416 117 Ropfer:
1291 2946 171 96 Ich
1529 2946 254 141 bin’s
1850 2954 125 108 jo.

804 3100 325 96 Jules:
1208 3100 162 96 Un
1445 3100 159 96 ich
1679 3100 254 92 bin’s
2016 3083 155 109 au.

550 3229 520 117 (Madame
1150 3225 408 117 Ropfer,
1637 3225 475 92 Madame
2196 3221 445 96 Schmidt
2758 3221 196 91 und
3071 3212 450 100 Susanne

670 3354 471 117 schlagen
1200 3354 162 92 die
1420 3350 355 96 Hände
1829 3346 250 96 über
2146 3350 220 92 dem
2429 3342 267 120 Kopf
2758 3342 633 116 zusammen.)

804 3504 475 96 Madame
1337 3500 417 121 Ropfer:
1820 3500 305 113 „Mon
2183 3496 358 100 Dieu!"
2604 3496 329 96 Miner
2996 3492 345 96 Mann!

804 3652 471 121 Madame
1350 3654 483 96 Schmidt
1975 3654 300 109 „Mon
2350 3650 362 96 Dieu!"
2787 3650 329 92 Miner
3196 3642 329 100 Hoch-

550 3788 341 91 zitter!

804 3908 496 92 Susanne:
1379 3904 308 113 ‚,Mon
1754 3904 358 92 Dieu!”
2183 3904 329 92 Miner
2587 3900 621 96 Hochzitter!

808 4058 467 96 Madame
1354 4054 379 117 Ropfer
1820 4058 155 113 (zu
2054 4054 471 96 Madame
2608 4050 521 117 Schmidt):
3283 4046 242 96 Was

554 4221 316 62 saaue
945 4183 167 100 Sie
1183 4183 158 109 do,
1420 4183 200 92 diss
1700 4179 154 96 Ihr
1929 4179 592 92 Hochzitter
2600 4179 154 113 (zu
2829 4175 487 117 Susanne)
3396 4175 133 88 un

545 4313 221 95 diss
841 4313 154 91 Ihr
1070 4308 696 96 Hochzitter?!

812 4450 471 100 Madame
1337 4446 450 96 Schmidt
1841 4446 200 92 und
2104 4442 487 96 Susanne:
2658 4442 125 91 Ja
2850 4442 391 116 gewiss!
3308 4438 221 91 Ma-

545 4579 346 96 dame!

812 4700 471 96 Madame
1329 4696 416 117 Ropfer:
1800 4696 275 96 Jetzt
2125 4692 362 112 wurd's
2537 4688 175 96 m’r
2766 4725 125 59 au
2941 4696 150 88 nit
3137 4688 384 96 besser!

812 4838 417 116 Ropfer:
1304 4838 196 96 Mir
1575 4871 125 58 au
1770 4834 180 95 nit!

812 4975 471 96 Madame
1345 4975 384 117 Ropfer
1795 4971 200 121 (auf
2054 4971 379 117 Ropfer
2496 4967 516 117 deutend):
3079 4963 229 96 Diss
3366 4963 159 112 do‚

550 5104 220 96 diss
833 5104 212 92 isch
1112 5109 313 87 miner
1491 5100 338 96 Mann.
1904 5096 242 117 (Auf
2212 5079 279 113 Jules
2558 5092 475 117 deutend)
3100 5092 162 92 Un
3325 5088 200 96 diss

570 5229 155 109 do,
795 5229 200 92 diss
1066 5225 209 96 isch
1341 5225 146 96 d'r
1554 5225 587 96 Hochzitter
2212 5254 196 59 vun
2479 5225 375 88 minere
2916 5213 484 96 Dochter!
