1 1
1934 236 468 142 - 56 -

766 483 608 122 Apotheker
1429 487 387 125 Ropfer
1870 495 638 130 vorzestelle
2574 576 166 20 ...
2825 502 429 113 (Wischt
3308 509 217 96 sich
3583 509 196 97 den

769 612 504 100 Schweiss
1340 652 201 63 von
1603 616 180 97 der
1853 618 405 123 Stirne.)
2332 624 283 113 „Que
2679 626 161 117 j'ai
2911 631 429 98 chaud!“

1011 782 478 100 Madame
1547 787 496 99 Schmidt:
2102 790 79 96 E
2240 795 416 98 schoeni
2710 797 226 113 Ehr,
2999 807 178 89 mit
3235 837 221 64 eme
3514 805 264 97 Herr

764 945 383 64 zamme
1231 951 112 59 ze
1427 920 283 105 sitze,
1827 926 195 88 wie
2110 927 225 89 eine
2417 921 193 97 ken
2705 922 209 101 Silb
3002 930 490 113 versteht,
3581 939 192 89 sini

759 1034 767 111 „chaussettes“
1630 1050 100 88 in
1838 1043 517 118 Gejewart
2455 1085 200 62 vun
2759 1052 317 97 Dame
3217 1058 550 122 changiert,

758 1162 280 101 d'rno
1096 1206 55 57 e
1200 1168 383 98 Flacon
1629 1170 288 115 leert,
1976 1210 158 59 wo
2191 1177 346 98 drowe
2596 1180 270 97 steht
2900 1181 437 122 Ropfers
3376 1185 390 100 Schlaf-

761 1291 414 115 elexier,
1241 1332 133 58 un
1437 1298 263 118 glich
1762 1300 267 94 druff
2090 1302 576 102 schnaricht
2725 1315 195 91 wie
2987 1349 50 57 e
3100 1312 296 97 Ratz!

1007 1463 392 118 Ropfer
1474 1466 191 117 (für
1735 1468 289 121 sich):
2103 1473 250 97 Gott
2428 1480 137 112 sej
2636 1476 325 115 Dank,
3036 1520 109 58 er
3215 1483 305 97 hett's
3598 1506 167 100 ge-

753 1588 408 97 trunke!

1006 1742 478 98 Madame
1551 1749 491 98 Schmidt:
2184 1753 439 118 „Enfin“,
2760 1762 316 95 redde
3180 1767 180 92 m'r
3459 1776 304 89 nimm

755 1866 383 101 d'rvun.
1213 1873 192 96 M'r
1476 1878 196 93 han
1738 1880 680 122 Wichtigeres
2492 1925 113 55 ze
2679 1889 309 93 thuen
3059 1899 196 89 wie
3330 1896 233 94 diss.
3638 1956 121 13 -

758 1995 175 117 (Zu
996 1996 491 128 Susanne)
1558 2004 546 115 „Susanne,
2174 2048 155 60 ma
2397 2013 303 97 chère
2762 2015 300 113 fille“,
3129 2021 158 93 ich
3350 2021 192 97 hab
3612 2023 146 96 d'r

757 2158 54 58 e
890 2135 350 111 grossi,
1328 2138 318 111 grossi
1729 2137 595 110 „surprise“
2386 2179 117 55 ze
2583 2143 676 123 mache...

995 2280 538 96 Susanne:
1537 2280 848 132 „Maman?!“-

1001 2434 421 120 Ropfer
1436 2434 255 106 (für
1700 2434 323 120 sich):
2055 2434 134 106 E
2194 2434 308 142 netti
2516 2434 623 169 „surprise“!

997 2588 479 98 Madame
1543 2592 491 98 Schmidt:
2172 2598 296 118 Denk
2539 2605 151 92 dir
2759 2640 425 77 numme,
3264 2609 487 114 Susanne,

747 2712 287 97 diner
1096 2719 571 97 verscholle
1734 2721 349 98 Babbe
2147 2729 216 94 isch
2429 2738 146 87 nit
2646 2743 176 100 tot,
2896 2769 105 58 er
3067 2737 208 92 lebt
3346 2772 125 58 un
3538 2740 213 92 isch

746 2842 387 96 widder
1199 2844 430 120 g'funde.

995 2997 496 99 Susanne:
1553 3004 250 109 „Pas
1861 3007 480 116 possible,
2402 3015 497 95 maman!“

994 3151 475 98 Madame
1531 3158 489 98 Schmidt:
2090 3165 158 93 Un
2319 3166 250 96 doch
2648 3169 296 96 isch's
3015 3208 137 72 so,
3227 3210 217 74 „ma
3511 3176 233 110 fille,

740 3287 179 85 ton
968 3289 246 108 père
1260 3282 96 96 le
1406 3284 371 96 voilà!”
1822 3348 129 12 —
2005 3290 410 117 (Deutet
2472 3293 164 95 auf
2686 3297 449 117 Ropfer.)
3201 3300 541 123 „Susanne,

747 3401 512 101 embrasse
1330 3420 175 84 ton
1571 3413 351 116 père!“

988 3559 458 95 Susanne
1504 3562 421 118 (Ropfer
1958 3571 659 121 umarmend):
2679 3577 363 117 „Papa,
3087 3579 234 92 cher
3374 3582 368 116 papa!“

987 3726 287 94 Jules
1328 3728 192 117 (für
1574 3730 288 121 sich):
1920 3735 279 97 Jetzt
2249 3775 267 59 wurr
2566 3743 154 92 ich
2745 3765 279 96 ganz
3083 3747 650 101 maschucke!

990 3893 471 97 Madame
1532 3900 488 98 Schmidt:
2161 3907 76 93 E
2307 3908 687 117 glüecklicher
3065 3914 392 100 Zuefall
3519 3915 221 101 hett

744 4054 179 60 uns
1002 4022 224 118 hytt
1302 4025 388 116 widder
1773 4067 379 61 zamme
2239 4037 455 113 g'füehrt,
2782 4078 132 58 un
2997 4079 154 58 am
3239 4047 496 96 nämliche

735 4142 245 113 Daa,
1043 4156 196 88 wie
1300 4153 126 92 dü
1489 4187 129 59 un
1680 4155 284 97 diner
2022 4161 621 112 Hochzitter,
2710 4178 275 87 wäre
3050 4208 125 58 au
3235 4180 183 87 mir
3484 4182 251 87 zwei

734 4277 567 93 mitnander
1360 4316 186 59 vor
1613 4283 592 99 de-n-Altar
2271 4301 338 84 trette.
2680 4293 158 93 Au
2900 4304 180 86 mir
3146 4306 250 86 zwei
3459 4310 271 84 wäre

738 4396 491 99 hierothe,
1303 4407 171 113 (Zu
1492 4408 458 119 Ropfer)
2025 4412 258 113 Gell,
2349 4416 518 99 Antoine?

982 4564 417 121 Ropfer:
1458 4574 394 98 Gewiss
1937 4653 157 20 ...
2162 4582 179 93 m‘r
2391 4592 271 89 wäre
2716 4589 463 95 hierothe
3244 4671 179 17 ...
3499 4597 230 114 (Für

736 4692 241 117 sich)
1048 4694 471 100 Dummer
1586 4700 325 98 Stoss!

985 4847 283 97 Jules
1335 4853 188 117 (für
1586 4855 286 121 sich):
1939 4857 171 96 D'r
2172 4867 485 112 „patron“
2722 4868 571 103 hierothe?!
3360 4938 121 9 -

988 5001 472 99 Madame
1535 5008 453 98 Schmidt
2071 5020 159 112 (zu
2309 5017 358 121 Jules):
2817 5028 180 107 „Et
3080 5029 122 96 de
3288 5033 438 95 ce-fait”

730 5130 283 92 wurd
1075 5131 146 93 d'r
1280 5132 254 97 Herr
1604 5138 367 97 Müller
2034 5141 158 95 Ihr
2259 5146 875 122 Schwejerbabbe,
3200 5159 526 96 Monsieur

737 5250 308 98 Jules.
