1 1
1866 241 692 100 —
1866 241 692 100 92
1866 241 692 100 —

975 450 470 95 Madame
1508 450 417 120 Ropfer:
1995 454 176 108 Na,
2246 441 233 129 guet
2541 454 325 112 Nacht
2929 454 267 116 Ejch,
3262 479 296 71 wenn
3629 454 71 91 'r

678 575 576 128 uffwache!

975 733 470 96 Madame
1520 733 488 96 Schmidt:
2087 733 238 117 Ejch
2404 733 271 96 soll's
2754 733 446 96 schlecht
3283 733 288 121 gehn!

975 887 491 92 Susanne:
1533 887 179 96 Dir
1754 887 287 96 soll’s
2104 887 496 117 gedenke!

733 1041 300 117 (Jean
1116 1041 200 150 und
1404 1041 325 92 Marie
1841 1050 179 87 mit
2112 1041 913 117 Teppichklopfern
3154 1041 546 96 bewaffnet

1529 1166 308 96 durch
1904 1166 158 96 die
2125 1166 300 96 Mitte
2487 1166 413 121 herein.)

975 1333 300 96 Jean:
1345 1333 755 125 Aufzuwarten,
2175 1370 158 59 wo
2404 1337 221 92 sind
2696 1337 158 92 die
2925 1333 387 96 Diebe?
3387 1395 125 13 —

983 1504 362 91 Marie:
1416 1504 138 91 Zu
1616 1504 392 108 dienen,
2075 1537 158 58 wo
2300 1504 237 116 sind
2583 1504 158 91 die
2812 1504 388 91 Diebe?

979 1654 475 91 Madame
1512 1654 417 116 Ropfer:
2000 1654 150 96 Do
2221 1662 150 88 sin
2441 1658 159 92 die
2666 1654 538 96 Hallunke!

979 1820 466 96 Madame
1533 1820 483 96 Schmidt:
2171 1825 191 95 Sie
2421 1825 379 108 mache,
2891 1829 192 87 wie
3166 1858 296 58 wenn
3554 1829 142 87 sie

737 1945 450 96 schlafen
1250 1958 308 87 täten.

979 2100 300 95 Jean:
1333 2104 758 91 Aufzuwarten.
2150 2104 183 91 Die
2391 2100 371 116 wollen
2821 2108 179 87 wir
3058 2100 304 95 schon
3421 2100 287 91 wach

737 2225 446 120 bringen.
1254 2212 383 129 (Macht
1700 2229 158 91 die
1925 2229 312 91 Geste
2304 2212 183 108 des
2546 2225 787 116 Durchhauens.)

987 2379 363 96 Marie:
1429 2379 137 96 Zu
1641 2370 396 105 dienen!
2125 2379 379 116 (Macht
2583 2375 488 95 ebenfalls
3150 2379 158 91 die
3391 2375 317 95 Geste

737 2504 183 96 des
987 2504 788 116 Durchhauens.)

987 2654 471 96 Madame
1520 2654 413 116 Ropfer:
2004 2654 421 121 Richtig,
2500 2691 46 54 e
2616 2658 267 112 gueti
2950 2654 371 91 Tracht
3387 2650 321 120 Prejel

741 2783 267 92 kann
1083 2783 154 92 ’ne
1308 2787 167 88 nix
1550 2783 404 104 schade!

987 2933 471 96 Madame
1516 2933 484 92 Schmidt:
2058 2933 367 96 Bravo!
2483 2933 308 104 Awer
2846 2933 229 108 viel,
3137 2933 263 92 denn
3450 2937 262 88 weni

737 3058 221 96 batt
1016 3062 184 92 nit!

991 3212 484 92 Susanne:
1558 3216 362 92 Bravo!
2004 3212 496 113 (Klatscht
2571 3220 100 84 in
2746 3212 158 92 die
2975 3212 429 117 Hände):
3483 3208 225 92 Diss

745 3337 217 96 isch
1033 3337 283 96 recht
1391 3341 146 92 so!
1687 3337 492 117 (Susanne
2254 3337 196 92 und
2525 3337 329 92 Marie
2929 3333 392 96 richten
3400 3333 308 108 Jules,

745 3462 471 96 Madame
1291 3462 404 117 Ropfer,
1775 3462 466 92 Madame
2321 3458 445 96 Schmidt
2841 3458 200 92 und
3121 3458 258 92 Jean
3458 3458 254 92 rich-

745 3583 175 100 ten
975 3587 375 117 Ropfer
1412 3587 192 92 auf.
1662 3587 188 92 Die
1912 3583 671 96 Schlafenden
2637 3583 334 92 lassen
3029 3583 246 92 alles
3333 3583 375 92 willen-

750 3712 150 96 los
966 3720 171 84 mit
1204 3712 208 92 sich
1475 3708 629 121 geschehen.)

1004 3862 462 96 Madame
1529 3862 412 117 Ropfer:
2016 3862 163 108 So,
2246 3900 125 58 un
2433 3870 242 109 jetzt
2733 3862 183 96 los!

1000 4016 466 121 Madame
1520 4016 484 96 Schmidt:
2062 4016 159 96 Un
2279 4050 392 104 numme
2729 4020 142 88 nit
2929 4016 537 92 scheniert!

1000 4170 295 92 Jean:
1375 4170 758 92 Aufzuwarten!

1000 4320 362 117 Marie:
1454 4325 133 91 Zu
1675 4320 391 96 dienen!
2166 4320 359 117 (Marie
2616 4320 196 92 und
2900 4320 258 92 Jean
3246 4316 466 117 schlagen

762 4445 367 121 kräftig
1220 4483 146 54 zu.
1525 4445 379 117 Ropfer
1995 4445 196 92 und
2287 4445 284 92 Jules
2696 4441 616 96 schnarchen
3437 4441 279 117 ruhig

758 4575 417 116 weiter.)

766 4725 529 116 (Madame,
1387 4725 404 150 Ropfer,
1887 4670 467 146 Madame
2429 4720 458 96 Schmidt
2979 4720 196 92 und
3266 4720 463 138 Susanne

1600 4854 341 112 zeigen
2008 4870 338 96 grosse
2408 4845 454 117 Freude.)

1008 5012 467 96 Madame
1529 5012 416 138 Ropfer:
2008 5012 363 96 Bravo!
2437 5012 129 96 So
2625 5008 291 96 isch's
2975 5008 316 96 recht!

1012 5162 463 138 Madame
1541 5162 479 96 Schmidt:
2091 5166 275 92 Noch
2433 5162 429 96 stärker!
