1 1
1877 332 193 126 —
2151 340 193 110 88
2451 320 176 166 —

987 550 329 95 Jules:
1383 550 700 125 „Tramway!“

979 704 479 100 Madame
1508 708 425 121 Ropfer:
1983 712 192 113 Ah,
2233 750 125 58 an
2408 716 121 92 de
2583 670 533 167 Tramway
3166 679 296 137 welle
3516 720 250 138 Sie?

983 862 329 96 Jules:
1383 866 221 113 „Oh
1662 866 288 121 yes!"

987 1037 479 96 Madame
1520 1037 425 121 Ropfer:
2004 1041 208 96 Der
2271 1041 208 96 halt
2541 1045 246 117 grad
2846 1045 125 96 do
3033 1050 317 91 vor'm
3408 1029 354 116 Hotel!

983 1204 483 96 Madame
1529 1208 491 96 Schmidt:
2095 1212 205 96 Zue
2362 1216 525 96 verruckti
2958 1216 613 117 Engländer!

987 1375 329 95 Jules:
1395 1379 417 108 „Thank
1883 1420 200 80 you
2154 1416 250 88 very
2471 1387 333 92 much!
2887 1387 296 96 Good
3258 1391 504 117 morning!

737 1504 479 116 (Wendet
1295 1508 213 121 sich
1591 1508 179 96 der
1845 1508 296 120 Türe
2178 1516 204 112 zu.)

983 1658 387 121 Ropfer
1516 1662 288 121 (folgt
1916 1666 700 121 hinterdrein):
2775 1670 362 113 „Good
3254 1679 496 116 morning!

733 1783 279 100 Time
1083 1795 83 88 is
1237 1791 471 117 money!”

979 1941 291 96 Jules
1337 1945 638 121 (abgehend):
2045 1954 330 91 Heute
2441 1975 346 95 grosse
2846 1954 750 100 Heilsschlacht
3654 1966 108 88 in

729 2066 387 100 Baden!

983 2225 417 120 Ropfer:
1533 2233 533 117 Halleluja,
2162 2237 367 92 Amen!
2675 2237 421 121 (Ropfer
3166 2241 200 92 und
3433 2241 288 96 Jules

725 2395 375 96 wollen
1187 2400 263 95 eben
1533 2437 171 58 zur
1791 2404 267 91 Türe
2141 2404 388 96 hinaus.
2621 2408 229 92 Von
2937 2408 492 96 draussen
3521 2412 229 92 hört

725 2558 233 58 man
1033 2525 279 91 stark
1391 2525 534 116 schreien.)

979 2666 396 142 Wanda
1425 2670 333 105 Stern
1850 2687 233 113 (von
2175 2687 566 117 draussen):
2900 2687 358 96 Diebe!
3379 2687 379 100 Diebe!

725 2804 362 96 Diebe!

975 2958 383 121 Ropfer
1437 2966 225 117 (wie
1745 2966 763 121 angewurzelt):
2591 2970 630 109 „Flambés!”

970 3129 292 96 Jules
1337 3133 758 121 (desgleichen):
2171 3137 529 113 „Fichus!”

970 3300 421 96 Wanda
1445 3304 305 92 Stern
1837 3308 575 117 (stürmisch
2491 3308 317 96 durch
2887 3312 163 96 die
3133 3312 304 96 Mitte
3516 3312 242 96 her-

725 3433 191 88 ein.
970 3429 167 96 Sie
1191 3437 129 88 ist
1375 3441 316 84 etwas
1754 3437 646 92 exzentrisch
2454 3458 612 100 angezogen,
3121 3450 270 108 trägt
3450 3446 296 87 einen

720 3562 305 113 riesig
1112 3579 421 96 grossen
1616 3558 234 100 Hut.
2004 3562 283 92 Beim
2375 3562 437 96 Oeffnen
2900 3566 179 92 der
3166 3566 575 121 Doppeltür

720 3683 530 96 versteckt
1304 3687 212 125 sich
1575 3687 383 117 Ropfer
2016 3687 296 113 links,
2379 3691 283 96 Jules
2716 3696 342 91 rechts
3121 3696 333 95 hinter
3512 3696 225 95 dem

720 3808 588 121 Türflügel):
1387 3804 358 104 Diebe!
1820 3816 363 96 Diebe!
2262 3816 167 96 Ich
2496 3821 170 95 bin
2741 3821 575 100 bestohlen!
3387 3825 350 96 Meine

716 3937 763 113 Herrschaften,
1570 3979 105 58 es
1766 3946 217 91 sind
2066 3946 325 95 Diebe
2475 3958 129 88 im
2687 3950 317 96 Haus!
3096 3954 83 96 O
3271 3954 287 96 Gott!
3650 3954 83 96 O

720 4062 288 100 Gott!
1083 4066 187 96 Die
1337 4071 738 100 Herrschaften
2141 4075 413 96 werden
2625 4079 262 96 mich
2958 4083 267 92 wohl
3300 4083 437 108 kennen,

716 4191 163 96 ich
933 4196 171 91 bin
1162 4196 396 100 Wanda
1620 4200 300 96 Stern
1979 4204 200 96 und
2241 4204 217 112 soll,
2521 4212 191 88 wie
2775 4208 171 96 Sie
3004 4208 271 96 wohl
3333 4216 400 105 wissen,

712 4321 308 95 heute
1070 4325 330 96 abend
1450 4333 100 88 in
1595 4329 180 92 der
1829 4329 500 117 Operette
2383 4333 250 108 „Die
2687 4333 559 121 Josephine
3300 4371 204 75 von
3554 4337 183 96 der

712 4446 696 100 Heilsarmee‘“
1470 4454 542 112 auftreten,
2075 4462 204 92 und
2341 4496 205 58 nun
2604 4466 221 92 sind
2887 4471 179 87 mir
3129 4471 329 87 meine
3516 4466 217 96 bei-

712 4571 200 95 den
966 4575 488 100 Kostüme
1520 4583 530 117 gestohlen
2104 4587 454 96 worden!
2629 4591 475 113 (Grosses
3162 4591 567 100 Erstaunen

716 4700 179 96 der
954 4704 791 125 Anwesenden.)

970 4871 470 144 Madame
1504 4875 425 121 Ropfer:
2000 4883 241 96 Was
2312 4921 313 58 saaue
2691 4887 167 96 Sie
2929 4887 237 96 do?!

971 5025 477 115 Madame
1479 5021 525 158 Schmidt:
2079 5050 192 100 Ah,
2346 5054 129 96 do
2550 5054 287 96 will's
2912 5062 296 92 nüs?!

966 5208 471 100 Madame
1495 5212 384 121 Ropfer
1950 5221 333 116 (beide
2341 5221 513 120 Türflügel
2916 5229 180 96 der
3154 5204 579 125 Mitteltüre

716 5337 675 121 zuschlagend
1483 5346 200 129 und
1775 5350 166 91 auf
2037 5350 288 96 Jules
2416 5354 205 96 und
2712 5354 384 121 Ropfer
3196 5358 525 121 deutend):
