1 1
1776 429 137 16 -
2071 373 121 101 19
2342 428 137 16 -

864 589 391 121 Ropfer
1342 592 360 117 (etwas
1784 590 583 122 gekränkt):
2459 590 171 100 Sie
2713 590 338 99 könne
3142 593 71 96 ‘s
3297 596 354 121 ruehig

596 721 606 109 versueche,
1284 717 72 96 ‘s
1434 720 218 93 isch
1731 729 175 100 nit,
1988 729 193 87 wie
2260 719 387 96 wenn's
2730 719 179 96 ebs
2984 731 242 103 wär,
3309 731 196 87 wie
3588 759 55 58 e

609 856 354 112 junger
1026 847 396 95 Dokter
1481 846 725 95 verschriwwe
2272 848 250 93 hett.

860 1001 733 120 Schampetiss:
1656 1004 71 95 ‘s
1743 1004 254 133 isch
2047 1012 146 87 nit
2252 1003 554 120 g'fährlich,
2860 1006 163 92 ich
3073 1005 200 97 hab
3327 1005 321 96 schun

603 1139 403 108 patenti
1081 1130 529 96 Versuech
1685 1133 468 118 gemacht
2210 1140 196 114 mit
2485 1131 833 97 minere-n-Alte.
3456 1131 192 96 Die

610 1259 375 93 schloft
1052 1259 146 93 als
1264 1267 196 88 wie
1531 1301 51 57 e
1647 1259 296 95 Ratz!

865 1427 396 115 Ammej
1386 1430 354 116 (durch
1827 1429 162 96 die
2078 1428 579 97 Mitteltüre
2740 1428 392 111 herein;
3223 1430 176 93 hat
3482 1427 167 95 die

586 1553 415 133 letzten
1024 1553 404 122 Worte
1457 1553 493 144 gehört):
1951 1553 493 122 Z'erscht
2462 1553 465 128 muesch
2956 1553 437 116 hesch!
3394 1553 249 100 Was

603 1685 320 92 hesch
991 1685 132 92 dü
1186 1684 387 96 wieder
1640 1691 179 88 mit
1886 1682 883 97 dinere-n-Alte?!

861 1852 700 119 Schampetiss
1640 1853 1092 117 (zusammenfahrend;
2811 1852 158 96 für
3044 1852 288 121 sich):
3419 1852 230 96 Jes-

595 2014 204 75 ses,
870 1980 374 96 d'Alt!!
1303 2042 129 9 —
1499 1980 175 116 (Zu
1741 1979 434 116 Ammej)
2250 1979 341 95 Hesch
2662 1978 463 96 d'Köffer
3199 1980 312 93 unte?

858 2147 433 113 Ammej:
1374 2146 159 95 Ihr
1611 2145 372 96 muehn
2061 2145 118 92 'm
2261 2153 172 87 nix
2516 2144 421 121 gläuwe,
3016 2152 153 87 nit
3241 2181 400 58 numme

595 2306 221 58 was
879 2272 70 92 'r
1012 2272 279 108 redd,
1354 2309 188 58 nee
1608 2283 125 84 äu
1795 2271 234 112 diss,
2091 2279 192 90 wie
2350 2308 108 57 er
2516 2274 350 108 denkt,
2929 2273 216 95 isch
3204 2273 433 120 gelöuje!

620 2397 175 114 (Zu
867 2397 732 120 Schampetiss)
1679 2400 338 96 Hesch
2091 2399 455 96 d'Köffer
2620 2403 313 92 unte?

859 2567 733 118 Schampetiss:
1745 2571 243 108 Nee,
2079 2571 159 95 ich
2325 2570 195 95 hab
2612 2569 714 96 numme-n=uff
3416 2572 226 92 dich

613 2713 425 98 gewart.

859 2863 437 114 Ammej:
1350 2863 134 96 Ze
1538 2866 325 109 mach,
1921 2866 234 96 dass
2213 2866 125 95 de
2392 2865 213 96 nuff
2655 2852 562 109 kummsch!
3284 2864 358 121 (Droht

600 2994 184 87 mit
868 2989 182 92 der
1131 2988 379 117 Faust.)

860 3156 695 121 Schampetiss
1621 3162 318 118 (trollt
1997 3161 499 118 ängstlich
2552 3161 182 96 der
2792 3161 264 95 Türe
3114 3160 267 96 links
3435 3163 200 117 zu):

597 3285 124 96 Ei
785 3293 91 110 jo
943 3289 296 92 denn.

864 3455 421 118 Ropfer:
1372 3459 734 116 Schampetiss!
2197 3458 213 95 Ehb
2497 3457 235 96 dass
2822 3457 72 95 'r
2977 3456 458 96 d'Köffer
3518 3493 129 59 an

602 3582 133 96 de
794 3585 433 96 Isebahn
1290 3584 317 112 fahre,
1673 3625 116 58 ze
1856 3586 655 93 kumme-n-'r
2573 3586 266 96 noch
2910 3585 259 96 emol
3236 3593 217 122 erin
3514 3618 130 59 un

598 3748 403 58 nemme
1082 3713 129 93 do
1294 3712 958 117 d'Correspondenz
2328 3720 211 87 mit.

857 3894 737 116 Schampetiss:
1669 3896 158 108 Jo,
1898 3901 129 86 im
2090 3896 358 95 Herre.
2523 3895 166 116 (Er
2757 3894 233 117 geht
3053 3894 262 95 nach
3373 3893 270 96 links

607 4020 179 94 der
869 4023 263 91 Türe
1211 4056 150 74 zu,
1440 4022 396 116 Ammej
1915 4021 209 121 gibt
2203 4021 200 95 ihm
2478 4020 262 96 noch
2819 4027 296 88 einen
3190 4019 450 120 Rippen-

602 4160 271 84 stoss
941 4148 199 96 und
1208 4148 249 120 folgt
1527 4151 234 107 ihm;
1836 4147 301 95 beide
2203 4148 596 94 brummend
2869 4145 192 120 ab.)

861 4331 405 95 Albert:
1349 4334 191 108 Ah,
1624 4333 262 93 Herr
1966 4329 416 120 Ropfer,
2466 4366 212 58 was
2758 4328 161 96 ich
2999 4365 313 58 saaue
3391 4326 242 113 will;

599 4460 171 89 ich
878 4460 196 95 hab
1195 4472 271 104 gueti
1549 4458 500 97 Nouvelle
2137 4458 154 96 for
2379 4457 204 100 Sie:
2741 4457 108 95 In
2929 4456 379 121 Dingse
3424 4455 263 96 isch

599 4581 442 96 d'Maul-
1112 4588 200 93 und
1383 4583 783 100 Klauenseuche
2213 4621 153 74 un
2433 4591 100 87 in
2599 4582 342 96 Hebse
3012 4581 146 96 d'r
3229 4581 409 121 Typhus

603 4706 668 117 üsgebroche.

854 4873 424 121 Ropfer:
1338 4880 200 96 Ah!
1595 4943 129 12 —
1775 4879 388 113 „Merci
2216 4870 255 129 pour
2524 4878 96 96 la
2671 4878 337 96 bonne
3008 4844 626 129 nouvelle.“

604 5003 696 120 Uewerhaupt
1383 5009 212 95 isch
1679 5013 150 91 d'r
1913 5008 458 96 Summer
2488 5019 262 105 guet,
2867 5015 459 105 „même“
3271 5001 367 96 sehr

604 5148 267 104 guet.
939 5131 195 96 M'r
1204 5134 193 96 han
1463 5139 204 94 viel
1738 5138 371 95 kranki
2175 5133 234 121 Lytt
2475 5170 130 58 un
2675 5132 205 96 viel
2946 5131 329 96 krank
3346 5130 288 96 Vieh.

617 5260 196 96 M'r
884 5260 195 96 han
1155 5301 54 54 e
1284 5284 250 96 ganz
1609 5271 258 88 netti
1946 5262 1026 116 Cholerinepidemie,
3046 5294 134 58 un
3250 5255 405 97 durch's

626 5427 237 58 nass
930 5389 399 95 Fueder
1400 5392 268 122 gitt's
1739 5392 466 96 ziemlich
2271 5387 204 100 viel
2547 5386 499 121 geblähjts
3114 5381 292 112 Vieh.
