1 1
2036 260 699 171 - 68 -

892 546 243 122 liegt
1210 547 200 95 und
1480 558 425 85 mustert
1975 549 234 118 ihn.)
2288 548 168 93 D'r
2511 520 353 146 Knopf
2938 552 213 92 isch
3226 562 491 112 angenäjt,
3792 555 85 96 E

894 671 797 120 zueverlässiger
1755 672 465 96 Burscht
2333 675 142 94 d'r
2583 677 718 116 Schampetiss!
3440 681 189 107 Ah,
3745 676 139 100 de

890 797 333 97 Kranz
1277 800 217 93 derf
1547 800 159 95 ich
1756 809 146 85 nit
1953 822 504 102 vergesse.
2519 802 192 115 (Ab
2769 809 174 87 mit
2994 806 224 95 dem
3265 804 291 97 Rock
3611 809 262 93 nach

888 923 330 118 links.)

1133 1076 354 100 Piefke
1540 1078 346 117 (durch
1933 1082 158 93 die
2140 1080 300 96 Mitte
2488 1083 374 108 herein,
2916 1121 105 55 er
3070 1090 126 88 ist
3241 1085 305 118 völlig
3595 1084 275 110 kahl,

889 1205 230 93 sehr
1173 1204 591 120 aufgeregt):
1823 1206 813 130 Donnerwetter!
2694 1211 487 96 Niemand
3236 1213 195 92 da?
3486 1211 192 97 Wo
3735 1222 129 84 ist

888 1334 179 91 der
1134 1332 768 95 unverschämte
1967 1332 352 95 Kerl?!
2384 1394 125 11 —
2576 1335 407 112 (Deutet
3051 1337 167 95 auf
3284 1346 221 85 eine
3572 1337 300 95 Post-

888 1459 323 103 karte,
1283 1458 158 93 die
1512 1494 109 55 er
1686 1467 100 84 in
1854 1460 175 93 der
2096 1459 287 96 Hand
2450 1460 275 118 hält.)

1135 1624 379 94 Anatol
1598 1628 233 114 (von
1857 1628 341 94 links.
2345 1628 107 93 In
2535 1635 275 89 einer
2894 1630 291 96 Hand
3265 1630 162 96 die
3506 1632 351 93 Reise-

884 1752 349 94 tasche
1284 1752 196 94 und
1534 1753 192 93 den
1776 1776 412 96 grossen
2238 1756 738 115 Regenschirm,
3033 1764 100 84 in
3183 1758 176 92 der
3414 1758 457 94 anderen

886 1876 192 96 den
1136 1877 1017 99 Immortellenkranz.
2212 1880 187 95 Die
2457 1880 413 96 Aermel
2932 1884 175 94 des
3170 1883 404 95 Rockes
3637 1881 233 95 sind

885 2001 195 95 ihm
1148 2004 196 93 viel
1419 2040 116 58 zu
1606 2007 321 116 kurz):
2005 2007 114 92 D'
2190 2006 583 119 Hauptsach
2845 2010 236 108 isch,
3161 2012 229 92 dass
3462 2012 157 91 ich
3694 2009 158 95 die

880 2130 284 93 Licht
1233 2138 142 84 nit
1443 2131 420 96 verfehl.
1943 2132 162 117 (Er
2176 2133 199 95 will
2447 2134 175 96 der
2701 2136 259 94 Türe
3038 2141 183 113 zu.)

1123 2296 354 95 Piefke
1562 2303 437 113 (vertritt
2078 2301 196 95 ihim
2358 2304 191 93 den
2629 2302 324 119 Weg):
3045 2303 272 97 Halt!
3399 2364 125 12 —
3608 2303 241 97 Sind

877 2421 167 96 Sie
1118 2424 176 92 der
1365 2426 766 95 unverschämte
2201 2427 397 108 Patron,
2673 2432 175 88 der
2919 2436 183 87 mir
3177 2430 279 93 diese
3531 2432 329 97 Karte

879 2547 655 116 geschrieben
1600 2549 239 94 hat?

1123 2715 409 94 Anatol:
1683 2718 132 92 Ze
1894 2719 167 93 lon
2140 2718 164 95 Sie
2387 2721 283 106 doch,
2754 2720 154 93 ich
2987 2756 329 60 muess
3404 2757 183 58 zue
3678 2756 166 58 ere

872 2838 313 98 Licht.

1116 3009 351 93 Piefke
1549 3049 14 54 :
1633 3010 258 96 Kein
1958 3011 434 110 Zweifel,
2462 3050 105 58 er
2629 3019 126 88 ist
2825 3050 133 59 es.
3100 3013 301 119 (Haut
3459 3015 382 95 Anatol

878 3142 217 86 eine
1169 3137 259 94 links
1503 3138 195 95 und
1723 3141 384 101 rechts
2182 3139 543 114 herunter.)
2807 3141 159 107 So,
3049 3140 175 97 das
3303 3142 258 95 lehrt
3640 3142 196 106 Sie,

872 3263 767 95 unverschämte
1718 3263 384 95 Karten
2181 3266 561 92 schreiben!
2823 3325 125 12 -

1116 3427 409 94 Anatol:
1620 3430 242 110 Nee,
1954 3470 108 59 so
2158 3434 209 94 ebs!
2466 3434 509 117 (Wütend)
3066 3439 767 121 Eim-n-Ohrfeij

869 3587 113 56 ze
1043 3562 214 107 gän‚
1319 3589 295 60 wenn
1669 3555 175 93 m'r
1903 3594 183 56 zue
2149 3595 170 58 ere
2378 3558 283 98 Licht
2720 3563 238 94 will!
3020 3624 128 12 —
3203 3566 292 115 Zeije,
3561 3566 271 94 halte

867 3676 164 95 Sie
1084 3679 176 91 m'r
1317 3678 775 98 e-n-Auesblick
2151 3684 322 95 denne
2527 3685 361 112 Kranz,
2948 3726 129 56 un
3131 3691 162 93 die
3351 3690 476 112 „valise“!

871 3801 270 116 (Hält
1229 3804 346 95 Piefke
1666 3809 163 92 die
1912 3807 646 98 Handtasche
2646 3813 196 95 und
2930 3814 191 95 den
3208 3816 334 137 Kranz
3629 3817 196 109 hin,

865 3930 330 90 dieser
1261 3938 341 86 nimmt
1665 3933 513 96 dieselben
2241 3940 641 93 verwundert
2953 3939 192 119 ab.)

1109 4093 389 97 Piefke:
1580 4099 316 96 Wozu
1976 4100 263 96 denn
2314 4103 288 94 das?!

1111 4261 375 95 Anatol
1578 4266 271 113 (haut
1933 4268 350 97 Piefke
2375 4270 487 96 ebenfalls
2957 4281 221 85 eine
3274 4273 258 94 links
3625 4276 199 92 und

865 4386 333 93 rechts
1261 4388 499 109 herunter,
1828 4399 341 90 nimmt
2240 4395 262 96 dann
2569 4395 374 97 schnell
3015 4398 221 93 dem
3306 4400 517 117 sprachlos

864 4509 686 98 dastehenden
1621 4515 351 95 Piefke
2042 4517 330 95 Kranz
2447 4523 196 92 und
2714 4521 657 97 Reisetasche
3443 4526 387 95 wieder

866 4634 197 114 ab):
1153 4637 159 106 So,
1391 4637 587 98 hoffentlich
2054 4642 334 95 kumm
2474 4644 159 95 ich
2712 4647 258 92 noch
3046 4650 287 92 recht
3412 4686 180 59 zue
3675 4647 154 99 d'r

861 4755 312 99 Licht,
1244 4763 433 113 (Schnell
1740 4765 121 95 ab
1931 4766 301 95 durch
2302 4770 159 93 die
2531 4768 363 120 Mitte,)

1104 4925 389 95 Piefke:
1559 4929 283 110 Nein,
1909 4970 108 57 so
2088 4947 312 82 etwas
2467 4943 126 87 ist
2659 4945 180 87 mir
2909 4939 258 96 denn
3234 4942 254 94 doch
3560 4943 261 95 noch

858 5049 275 92 nicht
1199 5054 813 115 vorgekommen!

1593 5246 233 120 (Der
1890 5249 467 125 Vorhang
2431 5254 216 97 fällt
2714 5260 354 118 rasch.)
