1 1
1753 366 726 107 - 75 -

850 579 487 100 Madame
1391 583 396 125 Ropfer
1883 591 563 121 (ironisch):
2579 591 917 121 „Heureusement,
3558 612 104 83 te

595 712 459 100 voila?!“

854 887 391 121 Ropfer
1320 895 534 142 (markiert
1916 845 213 146 den
2196 895 1054 125 Liebenswürdigen):
3396 904 266 96 End-

595 1020 209 96 lich
887 1020 254 96 trifft
1229 1045 179 71 m’r
1495 1025 242 108 sich,
1833 1025 179 95 m'r
2100 1029 379 91 sueche
2566 1029 234 96 dich
2883 1033 492 96 uewerall
3462 1037 204 92 wie

600 1187 54 54 e
720 1150 271 95 Guff.
1062 1150 229 120 (Für
1354 1154 254 116 sich)
1679 1154 354 96 Jesses
2095 1191 134 59 un
2291 1158 421 96 d'ander
2775 1162 571 96 newetsan!

854 1320 483 142 Madame
1429 1325 429 116 Ropfer:
1958 1329 167 96 Ich
2221 1329 170 96 bin
2483 1329 254 100 froh,
2841 1329 234 100 dass
3171 1333 162 96 ich
3429 1333 237 96 dich

600 1450 275 95 treff!
945 1454 196 96 Mit
1220 1454 155 96 dir
1445 1458 400 92 hawich
1916 1466 255 88 zwei
2246 1458 400 96 Wörtle
2725 1500 116 58 ze
2912 1462 359 96 redde!

854 1625 391 116 Ropfer
1308 1629 192 154 (für
1566 1629 292 121 sich):
1995 1629 421 96 Wenn's
2475 1670 404 59 numme
2946 1641 254 88 zwei
3262 1633 404 100 Wörtle

600 1762 354 104 wärte,
1029 1795 116 55 ze
1220 1766 296 84 wär's
1591 1758 234 121 lang
1900 1762 275 117 guet!

854 1925 329 95 Jules:
1254 1929 154 112 Ja,
1479 1933 158 92 ich
1704 1933 208 92 will
1970 1941 150 88 nit
2183 1933 638 121 derangiere.
2900 1933 479 121 (Wendet
3446 1937 220 96 sich

600 2091 220 59 zum
908 2058 429 121 Gehen.)

854 2229 483 96 Madame
1416 2233 429 117 Ropfer:
1929 2233 287 112 Nein,
2304 2237 371 92 bliewe
2758 2237 171 96 Sie
3012 2275 400 58 numme
3500 2237 162 100 do.

595 2420 125 9 —
787 2358 75 92 ‘s
929 2358 216 96 isch
1208 2362 179 92 m'r
1454 2383 250 96 ganz
1775 2366 316 104 recht,
2166 2366 234 92 dass
2471 2362 166 100 Sie
2708 2366 325 96 d'rbie
3100 2375 179 87 sin.

854 2529 291 96 Jules
1216 2533 250 117 (sich
1533 2537 704 117 verneigend):
2308 2537 254 117 Arig
2629 2537 596 117 angenehm.

854 2704 483 125 Madame
1408 2704 429 121 Ropfer:
1912 2708 213 96 Vor
2196 2708 295 96 allem
2566 2708 259 117 fröuj
2900 2712 162 92 ich
3133 2712 258 113 dich,
3462 2720 204 88 wie

595 2833 534 96 kummsch
1208 2833 129 96 dü
1420 2833 371 112 d'rzue,
1875 2841 187 88 mir
2141 2875 50 54 e
2266 2837 263 96 Kart
2612 2875 113 58 ze
2808 2841 529 109 schriewe,
3425 2841 237 96 dass

604 2958 91 96 d'
783 2958 362 96 Tante
1191 2962 409 96 Amelie
1691 3000 113 58 so
1895 2966 334 92 krank
2321 2966 283 92 isch?
2766 2966 346 96 D'rbie
3204 2970 217 92 isch
3512 2979 150 83 sie

595 3091 321 113 gsund
995 3100 196 83 wie
1275 3091 612 96 e-n-Eichel.

850 3262 429 117 Ropfer:
1350 3266 312 96 Awer
1725 3266 258 96 liebs
2041 3271 530 108 Wiewele,
2641 3271 125 95 do
2833 3275 275 91 kann
3171 3275 158 96 ich
3396 3275 266 96 doch

595 3404 175 83 nix
854 3396 337 95 d'rfor.
1279 3396 233 95 Diss
1595 3400 217 91 isch
1895 3437 50 54 e
2033 3396 283 112 Kart,
2400 3408 196 88 wie
2679 3400 158 96 ich
2925 3400 154 96 dir
3158 3404 158 92 for
3400 3408 258 92 zwei

600 3525 345 108 Johre,
1020 3537 192 84 wie
1279 3529 125 92 dü
1483 3533 92 88 in
1650 3525 621 96 Bade-Bade
2337 3529 288 96 bisch
2700 3537 246 109 gsin,
3021 3529 641 121 g'schriwwe

595 3654 230 108 hab,
895 3654 192 96 wie
1158 3658 154 92 ich
1391 3696 275 54 awer
1733 3662 150 88 nit
1950 3658 712 117 furtg'schickt
2733 3658 229 96 hab.

850 3854 333 96 Jules:
1258 3858 154 104 Ja,
1487 3858 479 96 Madame
2041 3858 417 117 Ropfer,
2537 3896 129 58 un
2733 3858 150 96 d'r
2954 3858 704 121 Schampetiss

595 3983 221 96 hett
916 3991 146 88 sie
1162 4000 388 79 anstatt
1650 4025 125 54 an
1870 3987 146 92 d'r
2112 3987 371 96 Poscht
2583 3991 642 109 üszetüsche,
3329 4000 96 83 in
3529 3991 129 96 de

595 4112 450 96 Kaschte
1112 4112 483 117 geworfe.

850 4283 420 117 Ropfer:
1350 4283 204 96 Der
1616 4287 142 92 alt
1825 4283 421 121 Simpel!
2325 4283 416 117 (Schaut
2812 4287 213 92 sich
3091 4287 567 121 vorsichtig

600 4421 195 108 um)
862 4416 204 92 Der
1137 4425 200 83 isch
1408 4450 125 58 an
1595 4416 300 92 allem
1962 4412 392 96 schuldi
2421 4416 287 92 dran!

850 4616 483 96 Madame
1412 4616 425 117 Ropfer:
1991 4616 163 109 So,
2237 4621 204 91 isch
2533 4616 71 92 'r
2687 4654 121 54 au
2896 4616 391 96 schuldi
3371 4616 279 109 dran,

595 4750 234 91 dass
887 4750 363 91 d'heim
1316 4746 88 95 d'
1462 4746 492 120 Apothek
2020 4783 180 58 zue
2262 4746 213 95 isch
2537 4783 129 54 un
2729 4746 71 95 ‘s
2862 4766 246 100 ganz
3166 4746 213 95 Hüs
3433 4746 221 95 leer

595 4875 325 96 isch?!
995 4937 125 9 —
1191 4875 217 96 Isch
1487 4875 71 91 'r
1629 4912 125 59 au
1833 4875 392 96 schuldi
2300 4875 279 108 dran,
2658 4875 233 96 dass
2966 4875 159 96 ich
3204 4875 237 116 Ejch
3521 4871 133 100 do

533 5016 158 113 in
770 5004 617 96 Bade-Bade
1470 5004 530 96 uffsueche
2083 5004 450 96 muess?!

850 5187 425 117 Ropfer:
1425 5191 316 96 Awer
1816 5187 542 96 natierlich
2446 5187 212 96 isch
2746 5187 70 92 'r
2900 5187 379 96 Schuld
3366 5187 288 96 dran.

591 5321 334 108 Liebs,
1016 5333 288 104 guets
1404 5321 516 108 Wiewele,
2012 5325 196 87 wie
2300 5316 154 96 ich
2546 5316 275 96 dinni
2912 5316 475 117 Depesch
3475 5316 175 96 be=

591 5450 404 100 kumme
1062 5450 225 108 hab,
1358 5450 125 96 do
1550 5450 395 91 hawich
2012 5446 179 95 m'r
2258 5450 350 116 g'saat:
2687 5446 309 112 „Mon
3054 5446 287 112 Dieu,
3416 5479 238 62 mon
