1 1
1802 458 133 12 -
2077 402 58 100 9
2277 460 134 12 -

640 614 468 129 Antoine,
1169 611 147 96 sie
1378 623 351 85 wärmt
1790 617 121 91 de
1970 619 404 92 Maaue!
2444 679 121 10 —
2620 620 324 92 Wenn
3003 627 29 84 i
3091 621 492 96 minsechs

646 751 145 80 nit
845 772 126 58 im
1033 737 716 96 Gemeineroth
1799 749 234 99 wär,
2092 777 112 54 ze
2262 743 214 92 thät
2533 741 237 96 ich's
2830 762 240 96 ganz
3129 746 246 93 Johr
3425 745 166 92 bie

599 859 281 117 .Ejch
941 862 389 92 bliewe.

889 1009 412 116 Ropfer:
1367 1010 204 113 „Eh
1630 1014 230 91 bien
1918 1001 470 106 merci“

898 1166 408 91 Anatol:
1361 1165 104 91 In
1515 1201 108 58 so
1681 1168 841 113 ere-n-Apothek,
2578 1174 420 108 umringt
3047 1205 197 55 vun
3293 1171 304 91 lütter

644 1280 779 118 Medikamente,
1494 1304 372 79 muesst
1940 1299 274 83 einer
2273 1292 430 95 hundert
2765 1294 246 93 Johr
3078 1293 138 92 alt
3282 1298 358 88 wäre!

895 1467 413 116 Ropfer:
1391 1469 75 96 E
1553 1471 483 93 schoener
2120 1469 453 96 Glauwe!
2658 1528 125 14 —
2869 1469 473 117 (Sinnend
3429 1469 162 93 auf

649 1597 196 91 und
896 1596 158 116 ab)
1116 1595 75 91 E
1241 1594 413 116 heiliger
1708 1593 809 107 Dunnerschdaa,
2570 1592 393 102 Fridda,
3020 1592 572 107 Samschda,

610 1719 478 102 Sundaa!
1175 1720 225 91 Wie
1492 1719 146 90 'ne
1721 1753 279 55 zuem
2079 1715 209 96 Hüs
2367 1726 183 84 nüs
2630 1717 454 119 bringe?!
3168 1775 117 14 —
3371 1716 225 96 Wie

654 1844 150 94 ne
897 1875 275 97 zuem
1260 1844 204 92 Hüs
1550 1851 230 83 nüss
1868 1841 453 115 bringe?!
2485 1838 266 116 (Sich
2843 1877 121 56 an
3051 1843 192 89 den
3330 1837 266 117 Kopf

652 1968 571 116 schlagend)
1297 1965 263 107 Halt,
1631 1967 159 92 ich
1860 1966 188 92 hab
2126 1964 481 94 e-n-Idee.
2689 1965 376 93 Gescht
3143 1967 204 89 isch
3419 1962 179 93 m'r

652 2092 500 116 zueffällig
1227 2128 50 54 e
1349 2090 392 114 Zittung
1819 2124 196 55 vun
2086 2093 247 88 zwei
2411 2088 246 93 Johr
2727 2087 238 92 here
3040 2093 96 84 in
3207 2084 388 96 d'Händ

653 2214 359 117 g'falle,
1087 2224 187 83 wie
1353 2211 71 95 ‘s
1495 2214 346 91 drinne
1912 2212 291 103 steht,
2274 2210 229 92 dass
2577 2209 68 91 ‘s
2716 2210 646 91 newe-n-ihm
3437 2229 162 96 ge-

653 2340 360 91 brennt
1107 2338 205 91 het!
1412 2338 446 92 Verlicht
1957 2336 296 92 fallt'r
2354 2333 262 93 druff
2712 2340 233 84 erin.
3053 2331 193 116 (Ab
3349 2332 251 93 nach

650 2464 329 112 links.)

905 2611 675 116 Schampetiss
1705 2609 367 116 (Typus
2189 2611 175 90 des
2480 2609 267 90 alten
2859 2605 742 93 französischen

656 2739 509 102 Soldaten,
1256 2736 309 91 durch
1652 2735 158 91 die
1898 2733 296 91 Mitte
2277 2717 420 117 herein):
2852 2728 234 111 Löuj
3177 2730 154 104 do,
3426 2725 176 95 der

656 2860 138 92 alt
856 2862 234 89 täub
1152 2857 633 96 Hafe-n-isch
1848 2866 125 83 äu
2035 2852 371 96 wieder
2469 2855 342 115 hiesig.
2873 2911 121 12 -—
3052 2851 304 108 Salut,
3424 2850 178 91 alti

656 2984 343 93 Pflüm!
1082 2982 279 117 (Gibt
1436 2979 371 93 Anatol
1882 2979 159 91 die
2119 2976 351 113 Hand.)

908 3131 404 94 Anatol:
1391 3131 184 105 Ah,
1646 3128 537 108 Buschuhr,
2258 3126 700 115 Schampetiss,
3029 3120 575 94 läwe-n=Ihr

658 3297 121 55 au
850 3258 321 93 noch?

905 3408 713 116 Schampetiss:
1780 3403 292 93 Alter
2235 3398 804 108 Barrickestock,
3197 3430 117 80 ja,
3476 3429 129 58 un

660 3532 579 98 hoffentlich
1313 3531 251 96 noch
1635 3529 279 92 recht
1989 3528 255 112 lang.

911 3682 408 93 Anatol:
1456 3680 155 93 Un
1719 3672 633 99 kumme-n-'r
2460 3675 139 91 als
2707 3686 224 101 guet
3040 3681 162 80 üss
3306 3666 197 93 mit'
3516 3700 91 58 m

661 3808 434 93 Patron?

908 3957 713 113 Schampetiss:
1754 3955 75 91 E
1896 3953 475 103 Wunder;
2471 3943 208 95 was
2774 3957 243 79 wott
3112 3943 259 92 denn
3466 3937 146 96 d'r

662 4089 371 90 Patron
1109 4080 763 94 mache-n=ohne
1950 4073 362 93 mich?!
2393 4131 108 12 —
2654 4063 713 99 „Ventrebleu!"
3446 4061 162 94 Ich

667 4211 164 91 bin
909 4217 92 108 jo
1076 4215 183 85 sini
1334 4206 280 92 recht
1688 4199 317 94 Hand.
2142 4198 184 92 Die
2435 4187 1171 121 wichtigschte-n-Erfin-

664 4335 321 116 dunge
1039 4333 346 92 mache
1439 4327 175 92 m'r
1668 4323 584 95 mitnander.
2314 4322 163 92 Ich
2535 4319 338 105 erfind,
2931 4352 129 55 un
3119 4351 104 55 er
3281 4312 332 94 steckt

673 4461 67 90 ‘s
810 4459 255 92 Geld
1128 4491 157 80 yn.
1357 4457 150 103 Ja,
1578 4448 816 95 d'Arweitsklass
2460 4445 276 93 wurd
2806 4451 522 106 üsgenutzt
3394 4438 217 116 hytt

670 4618 149 55 am
903 4580 238 92 Daa.
1220 4578 412 109 „Parole
1712 4571 645 125 d'honneur!“

917 4744 408 93 Anatol:
1391 4744 225 91 Diss
1680 4738 207 96 isch
1950 4737 366 92 schoen
2379 4768 137 74 so,
2580 4736 278 90 recht
2921 4735 366 89 schoen
3354 4762 137 59 so.

921 4921 717 116 Schampetiss:
1784 4917 325 96 Oho?!
2226 4914 291 93 Alter
2626 4908 479 96 Kracher!
3192 4963 100 14 —
3305 4904 320 130 (Für

681 5051 241 113 sich)
993 5046 188 107 Ah,
1256 5048 379 112 richtig,
1713 5080 101 55 er
1892 5040 447 93 versteht
2409 5046 88 106 jo
2568 5033 371 93 d'Hälft
3010 5035 175 89 nit!
3259 5088 122 13 —
3451 5029 172 112 (Zu

678 5171 407 117 Anatol)
1165 5169 371 103 Sehn'r,
1610 5201 201 59 was
1878 5160 540 98 verdient'r
2485 5194 383 58 numme
2935 5156 200 93 mit
3148 5189 87 58 m
3302 5155 317 91 Hoor-

682 5295 691 104 wuchsmittel,
1457 5297 187 88 wie
1723 5288 175 92 m'r
1986 5285 408 94 erfunde
2478 5284 191 92 han
2749 5277 666 93 mitnander!?
3503 5328 125 18 -
