1 1
1763 316 704 165 -21-

854 595 429 122 Ropfer:
1357 598 172 97 Nit
1540 604 176 116 ja,
1787 601 146 122 ja.
1990 601 163 105 Sie
2224 641 246 59 saue
2537 605 237 113 diss,
2841 615 199 88 wie
3104 645 303 60 wenn
3420 609 229 104 Sie

573 728 143 95 do
803 725 362 97 d'rvun
1244 736 150 87 nit
1478 753 254 100 ganz
1811 732 629 121 üewerzehjt
2524 743 308 91 wäre.

843 909 371 99 Albert
1281 915 229 120 (wie
1577 916 341 122 oben):
1989 916 329 100 Doch!
2385 920 326 98 Doch!

838 1095 429 122 Ropfer:
1334 1098 292 100 Noch
1684 1109 167 91 nie
1909 1106 404 96 hawich
2380 1145 51 59 e
2492 1146 113 59 so
2672 1147 54 58 e
2792 1111 442 97 Commis
3297 1113 345 120 g'hett.

576 1224 145 96 Er
808 1230 221 96 isch
1112 1231 276 96 kenn
1479 1229 501 115 Luftiküs,
2071 1244 201 88 wie
2363 1238 358 97 anderi
2812 1247 268 114 jungi
3171 1241 266 122 Lytt,
3537 1280 110 60 er

583 1357 221 93 isch
879 1355 287 113 solid,
1245 1394 109 59 er
1420 1362 220 96 isch
1711 1365 455 110 „même“
2241 1362 391 117 fromm,
2707 1369 239 120 geht
3015 1371 635 123 rejelmässig

590 1490 104 89 in
800 1484 483 114 d'Kirich,
1390 1487 225 100 hett
1715 1492 221 97 sich
2039 1494 264 121 glich
2407 1510 583 107 angetraue,
3095 1507 104 88 in
3299 1510 346 91 unseri

582 1611 474 102 Societät
1139 1622 584 108 inzetrette,
1810 1626 197 92 wie
2098 1623 162 96 ich
2344 1662 176 59 zur
2603 1625 436 124 Hebung
3127 1629 183 96 der
3398 1630 291 99 Sitt-

573 1740 444 102 lichkeit
1098 1747 170 96 auf
1343 1748 233 97 dem
1651 1749 347 102 Lande
2080 1754 454 119 gegründ
2609 1755 234 97 hab.
2923 1757 333 114 „Bref,
3339 1759 70 96 il
3489 1773 159 86 est

567 1883 230 87 très
851 1871 266 100 bien.
1172 1877 262 96 Mini
1483 1878 268 97 Frau
1809 1881 221 95 isch
2080 1919 129 58 au
2263 1903 255 96 ganz
2572 1885 337 96 vun'm
2963 1888 680 97 enchantiert.

837 2059 413 101 Albert:
1313 2065 195 96 Um
1566 2063 147 99 uff
1771 2067 162 97 die
1991 2068 326 98 Karte
2375 2072 958 100 zeruckzekumme.
3393 2076 249 100 Was

571 2191 279 92 mich
924 2190 501 113 wundert,
1503 2191 268 97 Herr
1845 2193 421 121 Ropfer.
2345 2195 208 97 diss
2632 2201 247 110 isch,
2961 2202 238 97 dass
3278 2204 171 97 Sie
3528 2240 113 62 so

570 2312 216 96 viel
860 2313 322 97 Karte
1265 2321 896 120 zammegebrocht
2236 2324 230 97 han.

835 2497 429 120 Ropfer:
1410 2503 234 97 Diss
1723 2506 216 96 isch
2014 2506 251 98 licht
2344 2546 116 59 ze
2541 2513 465 122 begriffe.
3085 2516 583 120 Erschtens

572 2628 600 99 schriw-ich
1243 2669 245 84 „par
1551 2636 533 120 principe“
2147 2645 246 89 mini
2459 2663 255 96 ganz
2785 2643 858 124 Correspondenz

575 2754 158 96 uff
812 2758 351 110 Karte,
1283 2794 134 63 un
1492 2771 537 90 zweitens
2117 2769 404 98 hawich
2613 2810 51 58 e
2754 2782 410 108 gewissi
3254 2775 385 98 Manie.

571 2882 349 100 Wenn
986 2889 268 93 mich
1325 2924 292 62 zuem
1692 2891 500 123 Exempel
2267 2904 320 88 iemes
2662 2911 513 101 verzürnt,
3254 2938 117 62 ze
3449 2905 193 121 geh

570 3011 175 96 ich
811 3050 263 60 anne
1132 3022 134 88 im
1336 3016 406 100 erschte
1804 3018 383 101 Wueth
2249 3058 133 62 un
2453 3025 404 98 schrieb
2928 3036 133 88 im
3128 3070 54 55 e
3249 3035 392 96 mords-

569 3150 329 107 growi
965 3142 283 114 Kart,
1320 3146 290 111 „cela
1677 3184 159 59 me
1911 3149 512 125 soulage“,
2495 3188 133 63 un
2699 3193 162 59 am
2928 3158 387 97 andere
3386 3160 250 113 Daa,

573 3303 308 64 wenn
947 3272 163 96 ich
1177 3310 129 60 no
1384 3275 464 98 calmiert
1919 3277 200 113 bin,
2197 3316 117 59 ze
2389 3282 526 125 uewerley
2981 3287 163 96 ich
3210 3296 188 88 mir
3472 3290 168 96 die

573 3395 274 101 Sach
914 3402 266 96 noch
1251 3404 292 112 emol,
1618 3441 133 60 un
1826 3406 354 99 schick
2251 3412 167 96 die
2488 3409 255 101 Kart
2814 3448 129 63 no
3018 3416 404 98 einfach
3489 3423 150 92 nit

571 3524 243 100 furt.

833 3697 412 101 Albert:
1317 3703 136 100 So
1521 3741 304 84 spare
1899 3709 171 97 Sie
2138 3708 216 100 sich
2421 3713 471 116 jedefalls
2959 3716 207 96 viel
3233 3717 404 122 Aerjer.

831 3871 430 122 Ropfer:
1332 3874 317 112 „Bien
1716 3881 261 108 sûr“,
2045 3883 204 95 viel
2312 3883 371 119 Aerjer
2748 3887 204 95 und
3019 3888 205 96 viel
3290 3888 346 101 Unan-

569 3996 783 103 nehmlichkeit!
1436 4065 129 14 —
1644 4005 362 113 „Voilà
2081 4044 196 84 par
2364 4014 472 117 exemple
2922 4053 130 59 un
3140 4017 492 98 échantil-

569 4125 270 96 lon“.
905 4126 347 126 (Liest)
1318 4131 263 98 Herr
1639 4133 391 115 Piefke,
2089 4137 212 96 Auf
2360 4138 226 100 Ihre
2643 4143 354 114 Karte,
3068 4145 233 97 dass
3364 4156 267 88 mein

572 4257 979 101 Haarwuchsmittel
1639 4263 583 101 Schwindel
2313 4275 130 91 ist
2535 4273 204 95 und
2830 4269 170 100 Sie
3092 4275 180 96 das
3367 4277 267 96 Geld

567 4388 392 96 wieder
1009 4391 729 97 zurückhaben
1784 4394 404 113 wollen,
2246 4396 275 96 kann
2571 4398 159 95 ich
2780 4436 187 58 nur
3020 4416 610 99 antworten,

562 4512 246 96 dass
862 4518 162 96 ich
1074 4533 496 100 vermute,
1624 4522 238 97 dass
1913 4523 170 100 Sie
2137 4532 162 89 ein
2350 4525 641 100 Schwindler
3041 4534 254 92 sind.
3349 4531 338 100 Mein

574 4637 349 101 Mittel
1002 4643 176 101 hat
1257 4650 266 96 noch
1607 4651 170 96 auf
1858 4652 270 97 allen
2211 4656 676 121 anständigen
2969 4657 410 122 Köpfen
3461 4681 168 100 ge-

569 4767 342 113 wirkt,
998 4809 300 61 wenn
1386 4779 216 97 dies
1686 4780 166 97 bei
1948 4781 305 98 Ihnen
2335 4784 280 97 nicht
2703 4785 179 97 der
2964 4786 218 97 Fall
3268 4792 160 105 ist,
3515 4807 113 78 so

568 4895 371 98 nehme
1006 4902 162 96 ich
1231 4941 158 75 an,
1460 4908 237 97 dass
1764 4947 105 59 es
1943 4911 517 98 vielleicht
2523 4913 320 97 daher
2902 4915 420 111 kommt,
3393 4914 300 126 dass

568 5020 167 97 Ihr
792 5025 251 98 Hirn
1101 5037 808 116 ausgetrocknet
1967 5048 163 88 ist.
2188 5040 196 97 Mit
2443 5042 184 93 der
2684 5039 313 97 Ihnen
3059 5042 568 120 gebühren-

563 5153 208 96 den
830 5154 512 124 Achtung.
1405 5162 458 102 Antoine
1925 5165 421 121 Ropfer,
2413 5168 764 125 „pharmacien
3181 5168 148 96 de
3395 5206 231 87 pre-

563 5288 325 91 mière
962 5285 425 98 classe”.

812 5455 421 98 Albert:
1315 5462 238 120 „Ça,
1628 5464 250 96 c'est
1945 5470 283 116 tapé!
2299 5529 126 13 -
