1 1
2021 264 146 105 —
2258 191 163 163 84
2560 256 146 138 —

1120 416 413 163 Ropfer:
1679 462 119 96 Es
1950 429 229 154 geht
2321 475 175 100 nit,
2641 470 159 92 ich
2946 475 170 91 bin
3254 475 587 100 wäschnass

862 591 592 117 g'schwitzt.
1516 591 167 92 lch
1720 600 171 116 tät
1954 591 175 92 m'r
2191 591 121 96 de
2375 595 221 92 Tod
2650 595 254 96 hole.
2975 595 333 117 (Reibt
3366 604 209 91 sich
3637 604 192 96 den

879 712 496 96 Schweiss
1445 750 200 58 von
1716 716 179 92 der
1966 716 363 96 Stirne.
2400 720 125 92 Es
2600 720 325 117 klopft
3000 758 125 62 an
3196 725 175 95 der
3446 729 379 96 Mittel-

879 841 283 117 türe.)
1250 837 345 108 „Zut!"
1683 841 412 117 (Ropfer
2175 845 196 92 und
2454 845 279 96 Jules
2812 850 763 95 verschwinden
3654 862 187 83 mit

875 983 395 96 grosser
1345 962 784 121 Schnelligkeit.)

1116 1112 392 96 Jeanne
1625 1121 341 112 (durch
2083 1121 163 95 die
2358 1125 296 91 Mitte
2779 1129 417 117 herein):
3321 1129 512 108 „Maman!

875 1237 437 96 Maman!
1462 1241 388 109 Tiens",
1933 1254 379 87 niemes
2400 1250 191 91 do?
2746 1254 187 112 Wo
3021 1291 325 59 muess
3429 1266 392 84 numme

870 1362 88 92 d'
1016 1362 434 96 Mamme
1504 1371 212 87 sin?
1783 1371 200 112 (Sie
2037 1371 400 95 wendet
2496 1375 204 91 sich
2762 1375 175 96 der
2996 1379 258 92 Türe
3308 1379 263 96 links
3629 1383 183 117 zu.)

1116 1516 363 92 Albert
1554 1521 341 116 (durch
1970 1525 163 91 die
2204 1525 296 96 Mitte
2579 1529 637 121 eintretend):
3300 1533 521 121 „Bonjour,

870 1637 742 100 mademoiselle
1704 1646 421 95 Jeanne!
2221 1650 391 112 (Reicht
2704 1654 383 96 Jeanne
3179 1658 387 117 freudig
3658 1658 175 96 die

870 1762 417 117 Hände.)

1112 1887 429 96 Jeanne:
1608 1891 517 117 „Bonjour,
2191 1908 500 121 monsieur
2754 1904 454 96 Albert.”

1112 2037 396 96 Albert:
1566 2046 238 96 Was
1858 2083 54 59 e
1970 2050 526 112 „chance",
2554 2054 162 96 Sie
2775 2058 125 92 do
2962 2054 292 96 ellein
3312 2096 113 58 ze
3483 2025 346 129 treffe!

866 2162 163 96 Ich
1095 2167 192 91 hab
1358 2167 233 95 Ihne
1670 2175 463 121 wichtigi,
2212 2183 209 113 arig
2487 2183 438 113 wichtigi
3004 2217 129 58 un
3204 2192 267 108 gueti
3546 2183 283 96 Nou-

866 2287 263 96 velle
1191 2292 642 129 mitzetheile.

1108 2437 429 100 Jeanne:
1608 2446 312 108 „Quel
1987 2446 546 100 bonheur!"
2604 2454 300 92 Gueti
2966 2458 600 96 Nouvelle?!

1112 2592 396 95 Albert:
1575 2596 279 108 „Oui,
1925 2588 778 145 mademoiselle
2737 2588 413 145 Jeanne,
3221 2608 250 109 oui",
3546 2621 279 108 gueti

858 2712 525 100 Nouvelle!
1458 2721 154 91 Ihr
1679 2721 341 96 Babbe
2087 2762 129 55 un
2283 2725 142 96 d'r
2500 2729 275 96 Jules
2846 2737 145 88 sin
3062 2742 171 87 mit
3304 2737 292 92 allem
3662 2746 142 83 in-

858 2842 567 91 verstande.

1104 2992 425 96 Jeanne:
1595 2992 200 100 Mit
1841 3000 288 92 allem
2196 3008 708 92 inverstande?
2971 3008 166 96 Nit
3196 3013 429 116 möjlich!
3683 3075 125 71 —

1104 3142 391 96 Albert:
1570 3150 167 92 Nit
1804 3150 125 96 de
1995 3163 496 108 geringste
2562 3158 679 100 Widerstand!

1104 3296 425 96 Jeanne:
1583 3300 225 92 Diss
1862 3304 267 92 kann
2179 3308 158 88 ich
2383 3313 92 108 jo
2529 3308 325 92 fascht
2904 3321 142 83 nit
3100 3313 412 116 glauwe.

1104 3429 396 92 Albert:
1562 3433 158 92 Un
1783 3438 254 91 doch
2100 3438 291 95 isch's
2458 3479 138 59 so.

1104 3558 425 96 Jeanne:
1583 3563 154 100 Un
1791 3571 584 96 hoffentlich
2429 3583 279 88 wurd
2758 3588 242 108 jetzt
3054 3592 229 87 mini
3341 3588 471 108 Mamme,

858 3721 292 54 wenn
1216 3692 154 116 sie
1425 3692 200 91 diss
1691 3696 400 108 erfahrt,
2171 3733 120 59 au
2358 3700 263 96 kenn
2687 3704 825 125 Schwierigkeite
3579 3721 225 87 meh

858 3808 375 96 mache.

1104 3946 396 92 Albert:
1650 3954 162 92 Ich
1887 3954 267 96 kann
2233 3967 146 87 nit
2458 3963 354 112 denke,
2896 3971 229 92 dass
3208 3979 142 88 sie
3429 3979 212 113 geje
3729 3975 71 92 ‘s

866 4067 384 96 Glueck
1320 4109 192 58 vun
1575 4075 308 96 ihrem
1958 4088 375 112 einzige
2400 4084 258 100 Kind
2725 4096 275 88 wurd
3071 4100 179 100 sin.

1079 4217 400 108 Jeanne
1533 4229 208 109 (mit
1780 4213 457 154 Wärme):
2296 4234 270 120 Ewig
2612 4275 263 59 wurr
2925 4246 158 92 ich
3129 4242 221 96 dem
3400 4246 400 117 glüeck-

854 4338 262 96 liche
1200 4342 479 108 „hasard"
1762 4350 454 100 dankbar
2300 4354 179 113 sin,
2566 4363 230 96 dass
2879 4367 167 92 Sie
3133 4375 171 88 mit
3391 4404 180 63 uns
3658 4375 154 92 uff

858 4463 596 100 Bade-Bade
1529 4471 371 117 g'fahre
1979 4484 175 87 sin.

1104 4617 391 96 Albert:
1650 4625 166 92 D'r
1908 4625 588 109 „hasard"?!
2600 4634 675 125 (Schelmisch)
3379 4646 421 96 Glauwe

862 4734 163 95 Sie
1108 4746 454 92 wirklich
1650 4788 50 54 e
1787 4788 104 54 so
2008 4788 125 58 an
2246 4759 125 91 de
2487 4759 446 112 „hasard,
3054 4771 742 96 mademoiselle

858 4859 512 100 Jeanne"
1288 4855 100 149 ?
1429 4871 241 92 Hett
1725 4871 233 96 Ihne
2016 4875 142 96 d'r
2216 4879 271 96 klein
2541 4884 384 116 Finger,
2987 4892 242 92 oder
3287 4896 217 92 hett
3562 4896 234 96 Ihne

858 4984 475 133 vielmehr
1416 4992 67 92 ’s
1566 4996 259 92 Herz
1900 5005 145 91 nit
2125 5009 496 108 verrothe,
2733 5013 229 92 dass
3075 5017 154 92 ich
3341 5055 121 58 an
3575 5021 221 92 dem

858 5109 479 104 „hasard"
1412 5121 142 88 nit
1629 5138 241 100 ganz
1950 5130 579 116 unschuldig
2608 5134 163 96 bin
2850 5138 308 117 g’sin?
