1 1
1913 334 176 34 —
2233 291 129 104 80
2512 350 129 12 —

1037 504 321 96 Jules:
1425 504 154 96 De
1637 504 354 96 Mueth
2058 516 146 84 nit
2266 508 288 96 sinke
2621 508 200 96 lon!

1033 670 417 142 Ropfer:
1516 675 229 91 Diss
1812 675 263 91 hann
2146 675 162 95 Sie
2379 679 308 91 schun
2750 679 258 96 noch
3079 683 254 92 emol
3404 683 350 121 g'saat!

1033 850 325 95 Jules:
1500 854 191 91 M'r
1795 858 363 92 muehn
2262 858 371 108 flichte,
2741 862 409 92 sunscht
3258 862 267 121 gitt's
3633 866 125 92 de

783 979 467 116 gröschte
1325 979 483 96 Skandal!

1029 1145 421 117 Ropfer:
1504 1145 154 109 Ja,
1712 1183 271 58 awer
2033 1154 188 91 wie
2271 1162 116 83 üs
2437 1150 600 100 Bade-Bade
3091 1166 184 84 nüs
3325 1158 429 108 kumme,

787 1270 254 92 ohne
1112 1275 583 91 verwitscht
1762 1308 113 58 ze
1945 1279 380 91 wäre?!

1029 1462 321 96 Jules:
1404 1466 150 96 Do
1604 1466 212 96 isch
1866 1475 338 87 unseri
2254 1470 467 117 Rettung.
2779 1470 408 117 (Deutet
3241 1479 167 87 auf
3462 1483 296 87 einen

783 1587 242 96 Arm
1087 1591 204 92 voll
1345 1591 475 117 Kleider.)
1887 1595 150 92 Do
2100 1595 387 96 hawich
2546 1595 412 96 Kleider
3016 1633 134 58 un
3212 1600 538 108 Perrücke,

783 1720 192 88 wie
1041 1716 159 92 ich
1266 1720 100 88 in
1433 1754 167 58 ere
1670 1720 530 109 „actrice",
2271 1729 191 87 wie
2529 1729 129 87 im
2725 1725 421 91 Zimmer
3212 1762 288 58 newe
3566 1733 184 87 mir

783 1841 367 109 wohnt,
1245 1845 763 117 eweckgeputzt
2095 1845 230 113 hab;
2416 1854 146 87 sie
2650 1850 208 91 isch
2954 1850 242 116 grad
3287 1887 213 58 ewe
3587 1862 163 83 üs-

783 1987 342 96 gange.
1191 1966 188 96 Die
1445 1966 413 96 Kleider
1920 1971 309 95 thuen
2296 1971 183 125 m'r
2541 2008 155 58 an.

1029 2158 379 121 Ropfer
1500 2162 595 121 (willenlos):
2196 2166 166 92 Ich
2446 2171 387 91 verloss
2925 2171 258 91 mich
3271 2191 245 96 ganz
3608 2171 142 91 uff

779 2283 196 96 Sie.

1029 2450 283 96 Jules
1366 2454 238 117 (hält
1658 2462 292 88 einen
1995 2458 284 92 Rock
2329 2458 242 117 hin):
2625 2458 150 96 Do
2829 2462 454 113 schlupfe
3333 2462 167 96 Sie
3550 2471 196 87 nin.

1025 2646 416 116 Ropfer:
1591 2650 300 96 Halte
1979 2650 196 108 Sie,
2262 2650 425 96 z'erscht
2775 2654 296 92 welle
3158 2654 175 92 m'r
3421 2658 325 92 denne

783 2771 442 95 Kaschte
1312 2775 529 108 vorrucke,
1995 2783 146 88 nit
2262 2779 229 92 dass
2608 2783 233 88 mini
2966 2779 259 96 Frau
3383 2787 363 88 driwer

775 2896 408 95 kummt.
1241 2900 346 112 (Beide
1633 2900 379 96 rücken
2058 2904 325 117 hastig
2433 2904 183 92 den
2679 2904 450 96 Schrank
3179 2908 262 92 links
3491 2912 255 113 vor.)

1029 3091 321 96 Jules:
1412 3091 183 113 Do,
1658 3129 129 58 un
1850 3104 241 108 jetzt
2158 3096 679 120 heidepritsch
2904 3104 100 87 in
3066 3100 150 91 dis
3283 3100 458 96 Kostüm!

787 3216 317 109 (Jules
1175 3225 125 87 ist
1375 3216 379 117 Ropfer
1820 3221 263 91 beim
2150 3221 579 95 Ankleiden
2796 3225 575 116 behilflich.)
3454 3225 292 96 Steht

775 3337 241 121 Ejch
1095 3362 246 96 ganz
1420 3346 355 91 famos!
1862 3346 167 91 Nit
2108 3350 763 91 ze-n-erkenne!
3025 3350 412 116 (Ropfer
3521 3350 225 91 hilft

779 3466 279 92 Jules
1137 3466 267 92 beim
1479 3466 554 96 Anziehen.
2183 3471 308 91 Beide
2575 3475 354 91 stehen
3012 3479 100 87 in
3196 3475 550 91 tadelloser

775 3587 495 121 Kleidung
1320 3591 146 92 als
1516 3591 529 96 weibliche
2100 3596 521 91 Vertreter
2679 3596 175 91 der
2908 3596 621 95 Heilsarmee
3583 3600 158 91 da.

779 3712 166 96 Sie
1020 3716 596 92 betrachten
1691 3721 209 91 sich
2004 3716 262 96 links
2371 3721 195 91 und
2671 3721 337 95 rechts
3083 3729 129 87 im
3291 3725 446 116 Spiegel-

779 3837 429 96 schrank
1270 3841 196 92 und
1525 3841 437 96 schauen
2020 3846 213 91 sich
2291 3846 259 91 dann
2608 3846 467 96 verdutzt
3133 3854 188 113 an.)

1020 4029 417 121 Ropfer:
1495 4037 80 92 E
1633 4037 412 117 heiliger
2104 4037 562 117 Nepomük!
2729 4042 229 91 Diss
3016 4042 184 95 soll
3258 4042 179 91 m'r
3500 4050 241 108 jetzt

775 4167 170 83 nix
1012 4162 188 88 sin!
1270 4158 305 109 „Mon
1641 4162 284 109 Dieu,
2000 4162 329 117 quelle
2404 4167 525 91 aventure!
3004 4167 358 104 Quelle
3433 4200 304 58 aven-

775 4279 325 96 ture!"

1020 4458 321 92 Jules:
1429 4462 158 109 So,
1670 4500 130 54 un
1870 4471 242 112 jetzt
2187 4467 184 91 los!
2466 4467 159 116 (Es
2704 4467 329 116 klopft
3112 4471 284 91 stark
3471 4471 262 96 links

775 4583 195 109 und
1029 4583 400 117 rechts.)

1020 4762 375 117 Ropfer
1454 4767 196 95 und
1708 4767 279 95 Jules
1454 4767 196 95 und
2054 4771 329 116 (beide
2441 4758 509 133 entsetzt):
2977 4775 344 112 „Mon
3375 4775 383 96 Dieu!"

1016 4954 467 96 Madame
1550 4962 379 117 Ropfer
1454 4767 196 95 und
2754 4962 467 100 Madame
3287 4967 450 95 Schmidt
2000 4967 233 112 (von
2291 4967 334 116 links),

783 5083 229 109 (von
1095 5083 409 117 rechts):
1654 5087 133 92 Ze
1866 5092 288 91 mach
2233 5092 258 91 doch
2571 5087 175 96 uff!
2896 5092 191 95 M'r
3200 5100 150 87 sin
3466 5092 267 108 ferti,

770 5204 292 96 mach
1133 5204 175 96 uff!
