1 1
607 220 3026 145 - 53 -

608 475 205 124 (Ab
867 474 316 97 durch
1230 471 166 96 die
1442 472 337 98 Mitte.
1829 470 388 119 Ropfer
2238 471 233 127 und
2522 468 288 99 Jules
2860 479 340 97 treten
3250 469 384 97 wieder

607 641 117 59 so
778 602 172 98 auf
996 611 196 87 wie
1245 601 372 96 vorher
1670 599 317 97 durch
2041 598 162 96 die
2254 598 341 98 Türen
2641 598 343 97 rechts
3037 597 204 95 und
3291 598 334 118 links.)

865 770 387 124 Ropfer
1311 773 537 120 (ärgerlich
1902 771 159 96 für
2115 773 288 118 sich):
2473 766 460 123 „Bigre!“
2990 766 358 102 Schun
3386 770 247 92 wid-

605 904 189 96 der
864 901 150 96 d'r
1081 902 475 97 Commis!

863 1072 287 96 Jules
1217 1070 767 123 (desgleichen):
2046 1068 476 99 Dummer
2584 1068 325 100 Stoss!

862 1243 696 119 Schampetiss
1616 1241 350 121 (durch
2016 1240 163 95 die
2229 1240 304 96 Mitte
2587 1238 426 119 herein):
3074 1234 250 114 „Ah,
3379 1269 254 64 vous

602 1369 463 98 voilà?!“

864 1540 387 121 Ropfer
1318 1539 729 120 (Schampetiss
2114 1535 679 121 erblickend):
2852 1535 204 96 Der
3111 1534 220 97 hett
3389 1533 250 123 grad

600 1671 274 96 noch
924 1669 376 121 g'fehlt.
1363 1668 175 121 (Zu
1588 1669 729 119 Schampetiss)
2376 1666 245 96 Was
2671 1663 630 98 welle=n-Ihr
3351 1664 129 96 do
3534 1669 104 89 in

616 1799 246 97 dere
920 1797 563 98 Maskerad
1504 1797 91 97 ?!

865 1968 733 119 Schampetiss:
1669 1966 246 100 Was
1986 1968 158 92 ich
2207 1962 321 99 will?!
2599 2023 129 12 —
2793 1960 171 97 Ich
3032 1962 258 119 fröuj
3361 1957 271 121 Ejch,

618 2099 125 96 ob
830 2097 159 96 Ihr
1072 2103 184 88 mir
1339 2096 275 94 kenn
1693 2092 417 97 Exküse
2193 2091 300 96 welle
2573 2089 387 110 mache,
3043 2097 259 108 waje
3389 2086 246 96 dere

612 2223 630 118 B'handlung
1321 2259 205 58 vun
1605 2221 330 95 ewe?!
2013 2280 129 13 —
2222 2216 166 112 „Si
2463 2218 296 109 non“,
2847 2253 116 58 ze
3047 2214 346 98 forder
3476 2212 162 99 ich

604 2351 254 120 Ejch
937 2348 225 99 uff's
1245 2347 335 98 Duell!
1666 2348 167 94 Ich
1913 2346 174 96 bin
2171 2348 204 93 diss
2458 2354 129 84 im
2675 2344 533 117 Napoléon
3291 2343 131 93 III
3504 2378 133 59 un

611 2488 388 86 minere
1074 2477 629 119 Reputation
1779 2473 428 98 schuldi!
2286 2532 129 13 -

864 2647 421 122 Ropfer:
1348 2646 166 97 Ich
1568 2645 300 123 glaub
1885 2643 201 96 Ihr
2139 2652 155 89 sin
2344 2644 526 95 verruckt!
2927 2703 129 13 —
3106 2641 158 96 Ihr
3319 2650 313 86 sotte-

613 2775 359 122 n-Ejch
1084 2775 538 111 schämme,
1738 2812 51 55 e
1872 2808 112 60 so
2059 2777 184 107 mit
2322 2766 1312 113 Medaille-n-rumzelaufe,

608 2913 200 87 wie
876 2906 74 91 'r
997 2911 183 87 nie
1247 2901 470 97 verdient
1783 2899 229 97 han.

865 3072 750 119 Schampetiss:
1670 3070 283 113 „Une
2015 3067 476 99 nouvelle
2557 3069 409 94 insulte!

864 3241 425 120 Ropfer:
1369 3243 212 96 Alli
1657 3241 278 100 Welt
2011 3248 304 89 weiss
2394 3246 125 112 jo,
2606 3240 229 95 dass
2920 3236 75 96 'r
3073 3248 562 85 numme-n-

605 3371 618 116 „infirmier“
1280 3380 154 88 sin
1484 3377 260 119 gsin,
1776 3377 141 106 un
1973 3376 145 89 nit
2180 3370 259 96 emol
2501 3405 50 59 e
2601 3368 267 96 Flint
2922 3366 287 97 hewe
3264 3368 370 94 könne.

866 3572 729 120 Schampetiss:
1753 3570 259 96 Oho!
2092 3631 129 12 —
2299 3567 384 111 „Sabre
2763 3565 125 96 de
2967 3563 329 98 bois!“
3446 3561 192 97 Die

616 3704 278 97 Orde
973 3703 221 95 hett
1269 3700 176 96 m'r
1524 3698 149 96 d'r
1749 3697 537 120 Napoléon
2362 3695 120 93 III
2570 3694 503 120 eijehändi
3157 3687 483 123 ang'hefft

606 3867 142 59 un
795 3834 223 94 hett
1072 3866 184 59 zue
1310 3839 184 83 mir
1548 3827 354 120 g'saat:
1965 3823 357 112 „Voilà
2373 3858 255 84 pour
2686 3827 170 105 toi,
2911 3820 725 115 Schampetiss,

618 3970 108 85 tu
784 3993 113 63 as
959 3967 396 86 montré
1418 3956 129 95 du
1618 3975 437 96 courage
2122 3986 388 62 comme
2572 3984 133 60 un
2765 3946 299 112 lion“,
3130 3947 130 96 dü
3326 3941 313 100 hesch

604 4085 242 98 dich
913 4083 454 123 gewehrt
1430 4090 195 87 wie
1696 4116 51 58 e
1817 4076 309 99 Leeb!
2196 4137 129 12 -

862 4250 433 121 Ammej:
1353 4251 350 121 (durch
1753 4249 163 96 die
1966 4245 575 99 Mitteltüre
2591 4247 379 106 herein,
3024 4250 146 88 sie
3220 4251 129 85 ist
3403 4240 234 96 sehr

606 4382 755 124 aufgebracht):
1430 4377 193 113 Ah,
1690 4378 125 96 do
1877 4375 317 111 bisch,
2265 4374 258 96 alter
2590 4371 425 119 Lump?!

868 4551 729 120 Schampetiss:
1646 4546 454 116 „Vieille
2168 4543 346 98 folle!”

870 4721 433 116 Ammej:
1463 4719 246 99 Wer
1795 4718 213 95 isch
2092 4716 317 96 voll?!
2530 4772 129 16 —
2767 4711 158 96 Dü
3013 4710 286 95 bisch
3384 4708 246 96 voll!

612 4850 321 120 (Geht
1011 4849 168 95 auf
1257 4846 167 96 ihn
1507 4882 120 58 zu
1708 4853 179 89 mit
1965 4841 572 99 drohender
2620 4837 546 118 Geberde.)
3312 4835 321 111 Wart,

615 4979 167 92 ich
840 4973 204 99 will
1115 4974 150 96 dir
1323 5010 166 61 am
1557 4971 440 102 Werdaa
2069 4976 100 89 in
2236 4970 125 96 de
2432 4961 812 106 Sundaakleider
3311 4998 325 59 erum-

610 5102 316 98 laufe!

867 5268 696 120 Schampetiss
1625 5270 459 117 (flüchtet
2142 5302 184 60 vor
2384 5263 225 120 ihr):
2680 5260 396 113 „Sauve
3138 5264 167 116 qui
3358 5271 275 107 peut,
