1 1
94 108 103 17 NUMISTRAL

269 192 59 15 Bastian,
337 192 75 13 Ferdinand
421 192 97 16 (1868-1944).
525 192 53 13 Auteur
585 192 18 13 du
610 193 44 12 texte.
662 192 21 12 D'r
691 192 58 13 Hofnarr

269 211 101 15 Heidideldum,
379 211 52 13 Maerel
440 211 11 12 in
459 211 9 13 6
475 211 44 13 Bilder
527 211 11 12 in
546 211 9 12 2
562 211 115 16 Verwandlunge.
686 211 40 13 1997.

258 273 74 13 Numistral
340 274 21 12 est
371 273 12 13 la
390 273 99 16 bibliothèque
497 273 84 16 numérique
587 273 100 16 patrimoniale
694 273 18 13 du
720 273 28 13 site

258 293 97 13 universitaire
362 293 66 13 alsacien.
437 293 74 13 Numistral
519 293 49 13 donne
575 293 43 13 accès
624 293 9 13 à
640 296 3 9 :

257 337 5 5 +
271 333 27 13 des
304 333 106 16 reproductions
415 333 90 16 numériques
510 334 76 15 provenant
593 333 27 13 des
625 333 81 13 collections
711 333 18 13 de
736 333 12 13 la

258 353 93 16 Bibliothèque
356 353 68 13 nationale
428 354 13 12 et
449 353 91 13 universitaire
544 353 18 13 de
567 353 79 16 Srasbourg
652 353 41 16 (Bnu).
699 353 48 13 Celles-

257 373 11 13 ci
273 374 30 12 sont
309 362 66 34 signalées
380 362 24 34 par
410 373 12 13 la
427 373 59 13 mention
492 373 57 13 “Source
554 376 3 9 :
563 373 93 16 Bibliothèque
661 373 68 13 nationale
733 374 13 12 et

258 393 100 13 universitaire
365 393 19 13 de
392 393 97 16 Strasbourg".
498 393 29 13 Ces
533 393 89 13 documents
628 394 33 12 sont
671 393 75 13 librement

258 413 90 13 réutilisables
352 413 38 13 selon
397 413 13 13 la
415 413 54 13 Licence
474 413 70 13 Ouverte
540 402 6 34 /
551 413 39 16 Open
597 413 58 15 Licence,
661 414 13 12 et
681 413 9 13 à
694 416 17 10 ce
716 413 32 13 titre

258 433 73 13 librement
340 433 94 13 réutilisables
439 436 36 10 sous
481 433 57 13 réserve
544 433 19 13 de
570 433 62 13 mention
640 433 19 13 de
665 436 52 10 source
724 433 22 16 (en

257 453 46 13 savoir
309 453 41 16 plus).

257 497 5 5 +
272 493 27 13 des
305 493 108 16 reproductions
419 493 92 16 numériques
516 494 77 15 provenant
601 493 27 13 des
633 493 83 13 collections
722 493 27 13 des

257 513 109 16 bibliothèques
373 513 19 13 de
400 513 90 13 l'Université
497 513 19 13 de
524 513 89 16 Strasbourg,
622 513 73 16 signalées
701 516 26 13 par
735 513 13 13 la

258 533 60 13 mention
325 538 7 6 «
337 533 94 16 bibliothèque
437 533 80 16 numérique
521 533 95 16 patrimoniale
620 533 19 13 de
644 533 81 13 l'université
729 533 19 13 de

257 553 82 16 Strasbourg
346 558 11 7 ».
365 553 56 16 L'usage
426 553 88 13 commercial
520 554 21 12 est
549 553 67 13 soumis
610 542 6 34 à
622 556 28 10 une
655 553 91 13 autorisation

257 573 72 16 préalable
336 574 13 12 et
357 573 9 13 à
373 573 111 16 l'acquittement
493 573 19 13 de
518 573 46 13 droits
569 573 63 16 d'usage.
640 573 57 13 Contact
707 576 3 9 :
717 573 30 13 scd-

257 593 151 15 bibnum@unistra.fr.

257 637 5 5 +
272 633 27 13 des
305 633 108 16 reproductions
419 633 92 16 numériques
516 634 77 15 provenant
601 633 27 13 des
633 633 83 13 collections
722 633 27 13 des

257 653 107 16 bibliothèques
369 653 19 13 de
395 653 87 13 l'Université
489 653 19 13 de
515 653 45 13 Haute
566 653 53 15 Alsace,
626 653 72 16 signalées
703 656 25 13 par
736 653 12 13 la

258 673 62 13 mention
328 678 7 6 «
342 673 75 13 Collection
425 673 18 13 de
450 673 13 13 la
468 673 56 13 Société
531 673 85 13 industrielle
622 673 19 13 de
648 673 75 13 Mulhouse
729 676 17 10 en

257 693 44 16 dépôt
311 693 9 13 à
328 693 12 13 la
348 693 49 13 BUSIM
408 698 12 7 ».
430 693 58 16 L'usage
496 696 28 10 non
532 693 91 13 commercial
632 693 28 13 des
667 693 55 16 images
729 693 19 13 de

258 713 84 13 l'Université
346 713 19 13 de
371 713 97 13 Haute-Alsace
472 714 21 12 est
500 713 33 13 libre
537 714 14 12 et
557 713 48 16 gratuit
612 713 36 13 dans
652 713 13 13 le
670 714 52 15 respect
729 713 19 13 de

258 733 12 13 la
275 733 72 16 législation
353 736 17 10 en
376 733 54 16 vigueur
435 734 13 12 et
454 736 34 10 avec
493 733 80 16 l'obligation
578 733 19 13 de
602 733 12 13 la
619 733 60 13 mention
685 738 7 6 «
698 733 50 13 Source

258 756 3 9 :
267 753 74 13 Collection
348 753 19 13 de
373 753 13 13 la
391 753 55 13 Société
452 753 85 13 industrielle
542 753 19 13 de
567 753 74 13 Mulhouse
647 756 17 10 en
671 753 42 16 dépôt
721 753 9 13 à
736 753 12 13 la

258 773 47 13 BUSIM
314 778 12 7 ».

257 817 5 5 +
271 813 27 13 des
304 813 106 16 reproductions
415 813 90 16 numériques
510 814 76 15 provenant
593 813 27 13 des
625 813 81 13 collections
711 813 18 13 de
736 813 12 13 la

258 833 96 16 Bibliothèque
361 833 70 13 nationale
437 833 18 13 de
462 833 53 13 France.
522 833 62 13 Celles-ci
591 834 30 12 sont
629 833 70 16 signalées
704 836 25 13 par
736 833 12 13 la

258 853 65 13 mention
332 853 63 13 "Source
404 856 3 9 :
417 853 102 16 Bibliothèque
528 853 75 13 nationale
611 853 19 13 de
639 853 64 13 France”.
714 853 34 13 Leur

258 873 88 13 réutilisation
352 873 56 13 s'inscrit
415 873 36 13 dans
456 873 12 13 le
473 873 42 13 cadre
520 873 19 13 de
545 873 12 13 la
563 873 16 13 loi
586 873 67 13 n°78-758
658 873 18 13 du
683 873 17 12 17
704 873 42 16 juillet

258 893 36 13 1978
300 893 22 16 (en
328 893 45 13 savoir
378 893 35 16 plus)
421 896 3 9 :

257 940 5 2 -
270 933 16 13 La
292 933 91 13 réutilisation
391 936 27 10 non
426 933 99 13 commerciale
531 933 19 13 de
556 936 25 10 ces
586 934 72 12 contenus
663 934 21 12 est
693 933 33 13 libre
732 934 14 12 et

257 953 59 16 gratuite
320 953 36 13 dans
361 953 12 13 le
378 954 52 15 respect
437 953 18 13 de
461 953 12 13 la
478 953 73 16 législation
557 956 18 10 en
581 953 55 16 vigueur
641 954 13 12 et
661 954 85 12 notamment

257 973 18 13 du
282 973 63 13 maintien
351 973 19 13 de
375 973 12 13 la
392 973 60 13 mention
458 973 19 13 de
482 976 52 10 source.

257 1000 5 2 -
268 993 16 13 La
290 993 87 13 réutilisation
383 993 97 13 commerciale
485 993 18 13 de
508 996 25 10 ces
537 994 70 12 contenus
611 994 20 12 est
638 994 60 15 payante
703 994 13 12 et
723 993 23 13 fait

258 1013 43 16 l'objet
308 1013 41 13 d'une
354 1013 54 13 licence.
414 1013 19 13 Est
439 1013 71 13 entendue
515 1016 24 13 par
544 1013 86 13 réutilisation
636 1013 95 13 commerciale
736 1013 12 13 la

258 1034 60 12 revente
325 1033 19 13 de
351 1034 73 12 contenus
431 1036 36 10 sous
473 1033 47 13 forme
527 1033 20 13 de
554 1033 67 16 produits
627 1033 69 13 élaborés
702 1036 18 10 ou
729 1033 19 13 de

257 1053 81 13 fourniture
345 1053 19 13 de
372 1053 58 13 service.

257 1097 5 5 +
276 1093 30 13 des
316 1093 121 16 reproductions
446 1093 20 13 de
477 1093 94 13 documents
580 1093 86 13 conservés
675 1093 40 13 dans
726 1093 23 13 les

257 1113 107 16 bibliothèques
369 1116 18 10 ou
395 1114 50 12 autres
451 1113 88 13 institutions
544 1113 92 16 partenaires.
644 1113 63 13 Celles-ci
714 1114 32 12 sont

257 1133 73 16 signalées
335 1136 26 13 par
369 1133 13 13 la
389 1133 63 13 mention
460 1133 61 13 "Source
528 1133 99 16 gallica.bnf.fr
634 1133 5 13 /
649 1133 99 16 Bibliothèque

258 1153 83 16 municipale
347 1153 18 13 de
372 1163 12 2 ...
392 1153 23 16 (ou
422 1154 41 12 autre
469 1153 89 16 partenaire).
567 1153 89 13 L'utilisateur
662 1154 21 12 est
692 1153 41 13 invité
739 1153 9 13 à

257 1173 80 13 s'informer
344 1173 53 16 auprès
402 1173 19 13 de
428 1176 25 10 ces
459 1173 107 16 bibliothèques
572 1173 19 13 de
598 1173 38 13 leurs
641 1173 82 13 conditions
729 1173 19 13 de

258 1193 97 13 réutilisation.
