1 1
422 544 206 30 Inhaltsangabe.

182 611 31 13 Der
229 610 53 13 Urtext
298 611 64 12 stammt
378 613 29 10 aus
422 609 28 14 der
466 609 50 14 Feder
529 609 30 13 der
573 608 90 14 bekannten
678 608 81 14 Dichterin
776 609 27 13 des
820 612 8 9 «
846 609 51 13 Stadt-

181 637 59 12 narr »,
258 634 27 13 der
297 635 32 12 erst
341 637 30 10 vor
382 628 65 19 kurzem
460 632 51 15 durch
522 632 125 18 Aufführungen
658 632 28 14 des
698 632 112 14 Elsässischen
823 632 74 14 Theaters

183 657 80 18 Hagenau,
275 657 29 14 auf
317 658 28 13 der
355 657 56 14 Bühne
423 657 34 14 und
470 660 25 10 am
507 656 57 17 Radio,
575 659 55 14 grosse
641 656 64 17 Erfolge
717 656 54 13 erzielt
783 656 28 13 hat
824 656 33 13 und
870 656 28 14 der

183 681 40 14 auch
235 681 29 13 auf
275 682 35 13 dem
320 681 131 16 nächstjährigen
463 680 83 16 Spielplan
558 680 27 14 des
596 679 110 14 Elsässischen
718 679 75 14 Theaters
804 679 93 14 Strassburg

181 705 79 17 figuriert.

183 732 31 13 Der
236 731 79 17 poetische
337 731 57 16 Oskar,
415 730 25 14 ein
463 730 149 14 schwärmerischer
633 730 75 18 Jüngling
730 731 27 13 der
779 730 43 14 seine
843 730 55 14 meiste

183 756 32 13 Zeit
227 756 30 13 mit
271 755 65 13 Dichten
350 755 86 17 verbringt,
450 754 41 14 wird
504 758 31 10 von
549 755 52 13 seiner
614 755 109 14 realistischer
734 755 95 14 denkenden
841 755 57 14 Mutter

183 780 16 13 in
209 780 28 13 die
247 779 134 14 Sommerfrische
391 778 69 18 geführt,
469 782 29 10 um
508 779 38 13 dort
558 779 43 14 seine
611 779 96 17 Zukünftige
717 782 20 11 zu
748 779 63 16 finden,
821 779 26 14 die
858 779 40 14 auch

183 804 50 13 durch
247 802 89 18 geschickte
350 802 138 18 Manipulationen
501 802 18 14 in
534 803 27 13 der
576 803 59 13 Person
649 803 28 13 der
691 803 55 13 Nichte
759 803 44 13 einer
817 803 81 14 Freundin

184 828 28 13 der
227 827 61 15 Mutter,
303 826 28 14 der
346 826 64 14 kleinen
425 826 77 17 Suzanne,
517 827 50 13 bereit
583 826 44 14 steht.
648 826 25 14 Sie
688 826 22 14 ist
725 826 57 17 jedoch
797 826 57 17 gerade
869 827 29 13 das

183 851 79 17 Gegenteil
275 854 31 10 von
321 850 52 14 Oskar
384 851 35 13 und
433 850 61 15 scheint
508 850 76 15 zunächst
598 850 31 14 viel
642 854 20 10 zu
676 850 84 18 prosaisch
773 850 87 17 veranlagt,
873 850 25 14 als

184 875 37 13 dass
235 875 23 13 sie
269 878 19 10 zu
301 874 59 14 diesem
373 878 58 13 passen
444 874 63 14 könnte.
525 874 29 14 Die
565 875 54 15 Tante,
630 873 35 15 eine
676 873 77 14 verliebte
764 873 62 17 Witwe,
837 874 62 14 scheint

184 898 34 14 sich
229 898 36 14 eher
276 901 80 14 anpassen
365 902 20 10 zu
396 888 69 31 können,
476 898 41 14 wird
527 898 38 14 aber
576 901 31 10 von
616 898 30 14 der
656 898 56 13 Mutter
724 897 65 16 Oskars,
800 898 26 13 die
836 897 27 14 ihr
873 898 26 13 ihr

183 922 43 14 Alter
239 922 69 16 vorhält,
318 922 16 13 in
346 922 44 14 einer
401 921 90 15 köstlichen
502 922 48 13 Szene
562 922 29 13 auf
602 922 25 14 die
639 921 65 18 richtige
716 921 44 14 Bahn
772 921 126 18 zurückgeleitet.

183 946 61 14 Jedoch
256 946 41 14 auch
311 946 23 13 sie
347 946 52 14 findet
412 946 26 13 ihr
452 946 50 14 Glück
515 946 18 13 in
546 945 51 14 einem
612 946 36 13 sehr
661 945 78 14 materiell
754 945 102 17 veranlagten
870 945 28 14 Ge-

184 970 110 13 schäftsmann
302 971 34 13 den
347 970 72 14 Suzanne
431 970 24 13 als
467 969 89 14 Liebhaber
568 969 63 14 schroff
642 969 98 17 abgewiesen
751 968 32 14 hat.
800 968 30 14 Ein
841 969 58 17 tölpel-

184 993 53 14 hafter
252 994 64 14 Kellner
330 998 37 9 vom
383 994 44 13 Land
441 994 22 14 ist
477 993 25 14 die
517 993 70 14 Ursache
600 996 32 10 von
645 992 50 14 tollen
709 992 143 18 Verwechslungen
866 993 34 14 und

184 1017 136 18 Verwicklungen,
332 1018 26 13 bis
371 1017 33 14 sich
417 1021 25 10 am
454 1017 45 14 Ende
511 1017 40 13 alles
563 1020 36 10 zum
611 1016 54 14 besten
677 1016 62 14 wendet
750 1016 33 14 und
795 1016 40 14 auch
847 1016 52 14 Oskar

184 1042 33 13 und
225 1041 73 14 Suzanne
305 1042 27 13 ein
340 1041 99 18 glückliches
447 1041 43 14 Paar
497 1041 69 14 werden.
