1 1
302 240 450 32 Aufführungsbedingungen

222 378 50 20 Alle
295 378 92 22 Rechte,
408 377 56 20 auch
484 377 123 25 diejenigen
628 378 38 19 der
686 377 138 26 Verfilmung
844 378 44 19 und

166 407 168 24 Uebersetzung
348 406 118 20 reserviert
481 405 46 19 sich
546 406 48 18 der
609 405 83 25 Verlag,
712 405 108 25 Copyrigt
836 405 52 24 1937

166 435 30 25 by
218 435 24 19 L.
257 432 194 27 JAGGI-REISS,
474 432 264 20 GUNDERSHOFFEN
754 433 134 27 (Bas-Rhin).

222 479 28 19 Es
266 478 54 20 wird
335 477 154 20 ausdrücklich
504 476 76 20 darauf
589 477 154 26 hingewiesen,
754 478 51 18 dass
820 478 67 19 durch

166 508 43 18 den
229 506 91 20 Ankauf
338 512 43 13 von
403 506 12 21 7
434 507 146 24 Exemplaren
600 506 56 18 beim
681 505 83 25 Verlag
790 506 52 18 oder
866 506 22 18 in

167 535 61 19 einer
245 534 172 25 Buchhandlung
433 540 40 14 nur
490 535 40 18 das
548 535 114 23 einmalige
679 535 210 23 Aufführungsrecht

166 564 116 19 erworben
295 564 60 18 wird.

222 602 80 19 Dieses
317 601 115 24 einmalige
453 599 214 26 Aufführungsrecht
684 600 81 19 meiner
784 600 104 25 Verlags-

167 630 74 19 werke
251 630 40 24 gilt
301 635 40 13 nur
351 628 33 20 für
391 629 42 18 den
442 628 108 19 Wohnort
558 629 38 19 des
603 627 117 20 Bestellers
729 629 53 18 oder
789 627 100 20 Vereins.

167 657 83 20 Sobald
264 658 39 18 der
318 656 136 20 betreffende
472 655 81 20 Verein
571 657 53 19 oder
641 656 106 19 Besteller
764 656 39 19 das
821 655 68 19 Werk

167 685 21 20 in
204 685 82 19 andern
300 684 112 23 Bezirken,
429 683 133 20 Gemeinden
578 685 53 19 oder
646 684 90 20 Städten
752 685 54 19 oder
819 684 71 19 selbst

166 715 34 19 für
209 715 82 19 andere
301 713 95 20 Vereine
407 713 100 22 aufführt,
521 718 59 14 muss
593 718 23 14 er
626 712 38 19 das
675 711 214 26 Aufführungsrecht

167 747 51 15 vom
233 740 81 25 Verlag
328 743 76 16 erneut
418 740 120 19 erwerben.

222 786 47 19 Das
283 784 125 23 Verleihen,
418 784 125 20 Verkaufen
555 785 53 19 oder
620 785 39 19 der
669 784 125 20 Austausch
807 784 83 19 meiner

167 813 170 26 Verlagswerke
351 815 64 17 unter
429 812 111 20 Vereinen
550 813 28 19 ist
588 813 50 19 sehr
648 812 102 20 strafbar.
779 811 110 20 Ebenfalls

167 842 28 19 ist
205 842 39 19 das
255 841 153 20 Abschreiben
418 841 82 19 meiner
510 840 169 26 Verlagswerke
690 844 76 21 streng
776 840 112 20 verboten.

223 885 79 21 Solche
321 885 127 20 unerlaubte
468 884 168 25 Aufführungen
655 885 88 19 werden
761 883 70 20 sofort
850 889 39 20 ge-

168 914 100 20 richtlich
283 913 100 25 verfolgt.
413 913 43 20 Für
471 913 40 19 alle
527 912 118 21 Streitfälle
660 913 28 19 ist
702 912 39 19 das
760 911 90 20 Gericht
868 912 21 19 in

167 940 384 22 NIEDERBRONN-LES-BAINS
566 940 120 25 zuständig.

477 1002 104 20 Theater-
595 1007 20 13 u.
623 986 159 44 Musikverlag

526 1042 25 19 L.
566 1041 175 25 JAGGI-REISS

433 1078 264 22 GUNDERSHOFFEN
712 1078 129 26 (Bas-Rhin)
