1 1
289 266 25 22 In
327 267 72 22 gleichem
411 267 68 23 Verlage
491 267 63 23 erschien
567 267 63 23 früher
625 262 8 32 :

460 314 91 22 Greber,
564 315 94 23 Julius,

310 352 18 20 E
340 352 94 24 Hochzitter
447 353 25 19 im
485 352 131 24 Kleiderkaschte
630 364 20 3 —
665 354 53 24 Dreij
731 354 76 24 Freijer.

270 392 45 22 Zwei
328 387 83 26 Lustspiele
423 392 17 18 in
454 391 112 24 Straßburger
579 393 85 18 Mundart.
691 394 51 17 1895.
767 395 26 18 M.
807 396 40 17 2.—

288 439 35 18 Der
332 439 106 23 „Hochzitter“
450 439 53 18 wurde
512 439 56 18 bereits
578 440 18 17 in
605 440 37 18 über
650 439 32 19 50
691 441 79 19 Vereinen
779 442 99 24 aufgeführt,

240 469 34 18 und
286 470 61 22 erzielte
359 469 38 20 stets
409 470 47 18 einen
469 469 80 21 starken
562 470 88 23 Erfolg.
666 471 95 23 Gleichfalls
777 474 73 22 gelangte
862 480 16 12 er

240 505 26 12 am
279 499 174 22 Thaliatheater
470 505 19 17 zu
502 499 100 23 Mülhausen
620 500 33 18 und
671 506 27 13 am
716 501 67 23 hiesigen
796 503 81 18 Stadt-

240 529 86 22 theater
346 534 28 18 zur
396 528 98 22 öffentlichen
514 529 116 23 Aufführung:
652 530 24 18 die
697 530 56 24 hiesige
771 532 106 23 Aufführung

240 558 54 19 wurde
310 559 31 17 mit
353 558 120 23 Unterstüzung
489 564 33 12 von
534 559 103 19 Dilettanten
650 561 75 22 gegeben,
744 561 20 18 da
780 561 24 18 die
817 562 60 23 Bühne

240 588 48 19 leider
305 588 39 19 über
360 588 42 18 keine
414 588 86 22 Künstler,
517 588 23 19 die
558 590 36 18 dem
612 590 89 23 heimischen
715 591 64 18 Dialekt
791 592 85 22 gewachsen

240 618 44 22 sind,
302 618 69 23 verfügt.
396 619 35 18 Nur
449 621 32 15 aus
498 618 55 21 diesem
566 619 69 18 Grunde
651 621 90 18 unterblieb
757 622 34 17 eine
807 621 68 19 Wieder-

240 648 68 23 holung,
321 649 25 17 die
359 648 65 23 allseitig
436 648 59 23 lebhaft
508 648 88 24 gewünscht
608 649 59 18 wurde.

286 690 35 18 Die
334 690 123 22 „Straßburger
469 690 50 23 Post“
532 690 55 21 schrieb
601 696 16 12 u.
630 696 24 12 a.:

288 720 72 23 „Mögen
370 721 35 20 alle,
417 720 50 19 denen
476 720 52 18 daran
538 721 64 23 gelegen
610 720 25 22 ist,
648 722 26 17 ein
682 722 30 17 mit
720 721 84 23 gesundem
812 723 64 22 Humor

240 750 33 17 und
286 750 66 22 witziger
361 750 142 23 Erfindungsgabe
515 749 112 24 geschriebenes
636 750 76 24 Lustspiel
721 752 58 18 kennen
788 758 19 17 zu
816 753 59 20 lernen,

238 779 71 20 dasselbe
322 779 45 21 lesen,
381 782 36 15 oder
427 789 18 3 —
457 781 35 17 was
505 781 40 21 nicht
559 785 52 18 genug
624 780 93 24 empfohlen
729 782 61 18 werden
803 782 42 18 kann
856 792 17 2 —

239 808 92 23 aufführen.
356 810 49 21 Dazu
416 810 57 22 eignen
486 810 27 23 sich
527 810 23 18 die
563 810 55 19 beiden
631 811 58 18 Stücke
701 810 34 23 sehr
747 811 45 23 gut“.

286 851 83 22 Christian
381 852 71 21 Schmitt
465 852 64 22 äußerte
541 852 28 23 sich
583 852 18 18 in
613 852 26 18 der
652 853 106 21 „Erwinia“:

287 881 43 21 „Die
348 881 53 18 beiden
418 882 17 17 in
454 881 50 22 diesen
516 881 85 23 Bändchen
615 882 170 23 zusammengestellten
797 884 78 22 Bühnen-

238 910 46 22 stücke
300 911 36 23 sind
353 910 43 23 schon
413 916 32 12 von
464 910 113 22 verschiedenen
591 911 77 19 Vereinen
682 913 30 18 mit
724 913 152 23 durchschlagendem

239 940 66 23 Erfolge
318 939 92 24 aufgeführt
427 940 35 18 und
479 941 37 20 auch
531 946 33 14 von
582 941 26 17 der
620 941 53 23 Presse
685 943 31 17 mit
728 944 102 21 ungeteiltem
842 943 34 19 Lob

238 970 118 23 ausgezeichnet
368 969 81 20 worden“.

285 1011 80 24 Magazin
378 1011 26 23 für
416 1012 95 18 Litteratur
507 1007 8 32 :

286 1041 41 22 „Ich
340 1041 39 23 habe
390 1042 30 18 den
432 1042 62 21 Inhalt
506 1048 33 12 nur
551 1042 36 23 kurz
600 1042 71 23 skizziert,
684 1043 43 18 denn
740 1044 37 22 auch
790 1045 34 17 eine
836 1047 39 16 aus-

238 1070 75 23 führliche
322 1071 134 23 Inhaltsangabe
468 1071 57 18 könnte
537 1072 30 17 den
581 1072 130 22 eigentümlichen
721 1074 44 22 Reiz,
778 1074 30 18 den
820 1074 25 19 die
857 1075 17 18 in

238 1100 26 20 der
281 1102 95 22 originellen
388 1102 81 18 Mundart
482 1100 112 25 geschriebenen
608 1103 57 18 Stücke
678 1103 60 20 bieten,
756 1104 39 22 nicht
812 1105 62 18 wieder-

238 1131 65 22 geben“.

500 1181 66 25 Verlag
579 1184 34 17 von

264 1217 122 29 Schlesier
412 1218 6 23 &
433 1217 200 29 Schweikhardt,
649 1218 125 29 Straßburg
789 1220 16 22 i.
821 1219 27 24 E.
