1 1
816 650 379 120 -61- Ropfer
1275 654 491 121 (abseits):
1837 616 717 134 Verdammter
2629 654 725 121 Schampetiss!

812 820 288 96 Jules
1191 820 754 121 (desgleichen):
2037 825 579 95 Nundedies
2700 825 721 120 Schampetiss!

812 987 475 96 Madame
1341 991 492 96 Schmidt:
1891 991 200 96 Mir
2154 991 196 96 han
2412 995 604 117 üsgemacht,
3083 995 229 96 dass
3371 995 183 96 m'r

558 1120 246 113 jetzt
866 1116 567 96 mintander
1495 1116 259 96 läwe
1816 1129 304 87 wäre.

808 1283 383 121 Ropfer
1250 1287 191 117 (für
1495 1287 288 117 sich):
1850 1287 70 96 ‘s
1975 1287 383 96 kummt
2412 1287 150 96 als
2616 1287 392 96 besser!

808 1450 475 96 Madame
1350 1454 487 96 Schmidt:
1912 1454 167 96 Ich
2141 1454 196 146 hab
2412 1454 150 96 ‘ne
2633 1454 125 100 do
2825 1454 241 96 here
3127 1454 418 153 b'stellt,

562 1616 108 55 er
737 1579 288 96 wurd
1091 1579 259 117 glich
1416 1583 434 92 kumme.

812 1746 492 95 Susanne:
1370 1750 167 91 Ich
1600 1750 179 116 fraj
1841 1750 288 108 mich,
2200 1750 150 96 'ne
2408 1750 333 96 kenne
2808 1787 117 59 ze
2983 1750 317 96 lehre!

812 1912 383 121 Ropfer
1266 1921 550 112 (entsetzt):
1891 1916 154 96 Do
2120 1916 351 96 here?!

808 2079 475 100 Madame
1370 2083 484 96 Schmidt:
2012 2083 134 96 Er
2233 2083 204 96 will
2525 2121 396 58 numme
3008 2087 263 96 noch
3358 2096 192 87 sini

554 2208 291 113 Frau,
916 2208 159 108 „la
1141 2208 563 121 générale“,
1770 2216 667 113 preweniere.

812 2375 383 116 Ropfer
1258 2379 187 112 (für
1508 2375 287 121 sich):
1862 2379 75 92 E
1995 2379 421 117 heiliger
2475 2379 591 96 Strohsack!

808 2541 475 96 Madame
1366 2541 488 96 Schmidt:
2004 2546 129 95 Er
2216 2550 217 91 hett
2521 2546 429 95 z'erscht
3033 2554 146 87 nit
3258 2546 288 95 recht

558 2666 400 100 kumme
1012 2671 325 95 welle.
1391 2671 229 95 Wie
1679 2671 71 95 'r
1804 2708 275 58 awer
2129 2671 387 120 g'höert
2566 2675 246 108 hett,
2871 2675 233 91 dass
3162 2675 71 91 ‘r
3283 2679 267 92 mine

558 2796 592 95 Hochzitter
1208 2833 133 58 un
1395 2800 125 91 de
1575 2796 596 95 Hochzitter
2221 2833 233 58 vum
2512 2800 454 96 Susanne
3029 2800 125 96 do
3196 2800 350 96 kenne

562 2921 188 91 soll
816 2921 313 108 lehre,
1200 2958 116 54 ze
1387 2921 217 96 hett
1683 2921 75 91 'r
1829 2925 212 92 sich
2116 2925 259 92 doch
2454 2925 521 96 decidiert.

804 3083 421 117 Ropfer:
1304 3083 450 138 „Enfin“,
1816 3125 109 58 es
1991 3087 221 96 thät
2275 3092 262 91 mich
2608 3092 363 95 selwer
3037 3050 536 157 fraje...

558 3246 271 58 awer
895 3250 109 54 es
1070 3212 234 117 geht
1366 3217 146 91 nit
1597 3287 189 16 ...

808 3362 321 96 Jules:
1200 3362 279 113 Nein,
1554 3400 104 62 es
1720 3367 230 120 geht
2012 3375 150 87 nit
2252 3442 168 23 ...

804 3529 387 121 Ropfer
1250 3533 391 121 (schaut
1691 3533 171 96 auf
1916 3537 163 92 die
2133 3537 283 117 Uhr):
2479 3537 167 92 Ich
2696 3571 333 62 muess
3079 3537 229 113 furt,
3366 3529 180 104 m'r

554 3658 366 96 muehn
979 3658 233 113 furt,
1275 3667 179 87 mit
1516 3658 121 96 'm
1695 3662 421 96 nächste
2179 3662 204 117 Zug
2441 3662 205 96 furt
2701 3733 238 37 ...

804 3825 325 146 Jules:
1195 3825 155 112 Ja,
1408 3825 179 96 m'r
1645 3829 367 92 müehn
2070 3829 201 96 furt
2361 3904 167 20 ...

804 3987 471 100 Madame
1387 3992 450 95 Schmidt
1945 3996 201 91 und
2254 3992 496 100 Susanne:
2896 3996 154 112 Ja,
3158 4033 438 59 worum

554 4117 357 107 denn ?

804 4267 421 120 Ropfer:
1279 4271 143 95 Ei
1434 4346 220 20 ...
1708 4271 242 116 grad
2008 4308 217 59 ewe
2279 4271 267 96 hann
2591 4271 180 96 m'r
2825 4271 425 116 erfahre,
3308 4275 238 100 dass

550 4404 137 88 im
775 4396 212 96 Hüs
1075 4408 525 84 newetsan
1695 4396 88 96 d'
1879 4396 1158 121 Barble=n-üsgebroche
3133 4408 168 95 sin
3310 4471 230 28 ...

804 4563 471 95 Madame
1354 4563 450 95 Schmidt
1891 4567 546 116 (entsetzt):
2529 4567 308 108 „Mon
2912 4567 292 96 Dieu!
3291 4567 250 100 Mon

550 4683 366 100 Dieu!“

800 4842 325 91 Jules:
1266 4842 159 108 Ja,
1529 4842 883 96 d'elementarscht
2512 4842 475 100 Vorsicht
3091 4842 450 100 schriebt

550 5000 183 63 uns
808 5004 208 71 vor,
1095 5004 117 59 ze
1283 4967 375 96 flichte.
1733 4967 192 96 M'r
1995 4967 196 96 han
2262 4967 584 116 d'Apothek
2921 4967 312 96 schun
3304 5004 229 63 zue-

545 5092 505 121 gemacht!

800 5258 420 117 Ropfer:
1308 5258 154 109 Ja,
1545 5296 117 58 ze
1741 5258 371 113 flichte,
2204 5296 108 58 so
2400 5258 379 96 schnell
2858 5267 196 91 wie
3137 5263 400 116 möjlich

545 5421 125 58 ze
733 5383 371 100 flichte.
1166 5446 125 12 —
1354 5383 416 121 (Ropfer
1837 5379 200 100 und
2104 5383 279 100 Jules
2450 5383 262 100 eilen
2775 5383 179 96 der
3016 5383 263 100 Türe
3341 5388 200 120 zu.)
