1 1
1888 203 763 219 - 74 -

969 515 375 98 Marie:
1469 464 684 176 Verzeihung!
2277 520 413 100 Wollen
2773 522 167 96 die
3031 521 746 100 Herrschaften

719 648 316 129 schon
1098 646 387 100 wieder
1551 647 547 100 abreisen?
2177 649 417 120 (Deutet
2664 651 171 96 auf
2898 651 199 97 den
3156 652 429 122 Koffer.)

972 819 425 122 Ropfer:
1534 822 292 113 Nein,
1926 828 267 108 nein,
2297 833 133 87 im
2539 825 580 121 Gegenteil!
3201 902 232 20 ...
3552 825 224 100 Wir

713 948 405 114 wollen,
1193 959 187 91 wir
1458 951 335 100 haben
1874 1032 249 20 ...

971 1124 329 96 Jules:
1450 1126 218 96 Wir
1779 1128 371 95 wollen
2213 1129 245 95 .den
2571 1125 358 101 Koffer
3045 1165 222 58 zum
3383 1128 388 100 Sattler

632 1265 442 128 tragen
1142 1330 112 20 ...

966 1425 375 96 Marie:
1399 1430 287 92 Aber
1745 1431 287 109 bitte,
2095 1432 183 92 das
2332 1430 209 95 will
2603 1434 159 91 ich
2816 1431 512 121 besorgen
3392 1433 374 96 lassen.

720 1556 279 118 (Will
1070 1558 199 96 den
1336 1556 359 99 Koffer
1773 1561 575 120 ergreifen.)

969 1728 425 117 Ropfer:
1465 1730 287 113 Nein,
1827 1740 238 88 nein
2126 1812 257 20 ...

968 1870 329 125 Jules:
1427 1905 221 96 Wir
1722 1918 358 109 tragen
2147 1944 371 61 unsere
2593 1905 358 100 Koffer
3018 1914 354 89 immer
3443 1909 321 100 selbst

714 2065 220 59 zum
1008 2029 385 99 Sattler
1481 2110 195 24 ...
1747 2035 129 96 Es
1950 2044 130 88 ist
2155 2044 225 93 eine
2455 2038 208 96 alte
2730 2036 1034 107 Familientradition.

967 2203 367 97 Marie:
1421 2205 205 100 So?
1704 2268 129 13 —
1908 2207 150 96 Na
2142 2215 121 113 ja,
2347 2208 270 97 dann
2654 2209 355 118 'pfehl
3092 2212 301 96 mich!
3488 2212 272 118 (Ab.)

962 2404 388 121 Ropfer
1421 2409 242 117 (will
1732 2415 181 88 mit
1982 2407 289 100 Jules
2342 2412 183 93 der
2591 2410 268 96 Türe
2929 2415 199 116 zu):
3203 2411 338 110 Halte,
3613 2409 150 99 d'r

712 2532 350 113 Stock,
1132 2533 146 99 d'r
1345 2535 479 121 Pareplui
1895 2574 133 58 un
2095 2536 147 97 d'r
2308 2537 333 117 hoche
2709 2539 274 96 Huet
3053 2540 288 96 hätte
3412 2541 183 92 m’r
3666 2546 96 113 jo

711 2664 333 97 fascht
1112 2688 516 99 vergesse.
1707 2668 209 117 (Sie
1994 2666 371 96 stellen
2437 2667 199 96 den
2703 2667 359 97 Koffer
3137 2669 161 96 ab.
3369 2669 393 118 Ropfer

706 2794 217 96 holt
977 2796 622 121 schleunigst
1652 2798 350 109 Stock,
2062 2795 391 100 Schirm
2507 2797 204 95 und
2765 2801 162 92 die
2982 2798 776 98 Hutschachtel.

706 2923 292 97 Dann
1073 2925 345 97 fassen
1490 2926 303 97 beide
1865 2927 196 97 den
2135 2926 642 98 Handkoffer
2851 2928 385 96 wieder
3315 2933 192 117 an.)
3590 2929 167 113 So,

706 3086 133 59 un
893 3058 246 112 jetzt
1185 3054 204 97 los!

960 3224 329 94 Jules:
1355 3226 530 125 „Filons!“
1930 3228 355 117 (Beide
2350 3229 168 96 auf
2581 3230 162 93 die
2806 3231 266 96 Türe
3138 3233 188 116 zu.)

959 3395 333 97 Marie
1371 3397 358 116 (öffnet
1800 3399 163 96 die
2038 3399 658 118 Mitteltüre):
2780 3402 329 96 Wenn
3188 3400 162 94 ich
3421 3400 334 95 bitten

709 3523 250 109 darf,
1025 3525 428 121 gnädige
1512 3526 262 96 Frau
1852 3602 192 17 ...
2121 3525 517 120 (Madame
2699 3527 389 116 Ropfer
3155 3536 219 88 tritt
3438 3529 317 92 durch

712 3653 159 92 die
945 3651 576 96 Mitteltüre
1595 3655 421 115 herein.)

962 3820 371 97 Marie:
1408 3822 304 121 'pfehl
1782 3828 291 92 mich.
2149 3825 270 121 (Ab.)

957 3992 483 97 Madame
1501 3994 386 121 Ropfer
1952 3995 301 116 (beim
2319 4000 450 97 Anblick
2832 4039 204 59 von
3098 4003 384 117 Ropfer
3553 4001 200 96 und

707 4120 362 122 Jules):
1156 4125 201 93 Ah!
1451 4123 422 121 (Ropfer
1951 4128 201 96 und
2235 4129 287 93 Jules
2603 4130 341 96 lassen
3027 4169 184 58 vor
3293 4130 455 99 Schreck

706 4252 179 97 das
951 4253 425 118 Gepäck
1439 4255 379 115 fallen.)

956 4417 425 121 Ropfer:
1446 4426 254 93 Mini
1756 4427 304 97 Frau!

959 4591 329 93 Jules;
1363 4593 88 91 d’
1546 4597 504 97 Madame!

955 4774 482 102 Madame
1491 4777 389 121 Ropfer
1942 4766 529 135 (wütend):
2541 4785 200 96 Ah!
2812 4789 200 109 „Te
3075 4787 375 113 voilä!„
3512 4791 233 93 Diss

708 4903 212 92 isch
983 4913 183 87 mir
1232 4913 91 112 jo
1394 4943 51 58 e
1512 4909 412 97 schöeni
1995 4913 617 116 „surprise“!

957 5087 384 117 Ropfer
1423 5094 250 116 (sich
1757 5094 487 123 fassend):
2336 5100 533 118 „Bonjour,
2961 5106 304 93 chère
3345 5104 396 109 femme,

711 5212 333 116 quelle
1119 5217 504 98 heureuse
1698 5232 488 109 surprise!
2265 5229 846 125 Heureusement,
3194 5245 100 83 te
3374 5230 370 99 voilà.”

714 5337 400 120 (Albert
1197 5347 289 96 sucht
1572 5352 213 92 sich
1861 5353 533 118 möglichst
2477 5393 121 58 zu
2681 5359 526 119 drücken.)
