1 1
1731 573 721 128 - 51 -

822 781 392 122 Ropfer
1285 784 196 121 (für
1548 789 295 121 sich):
1922 790 763 126 Himmelgalee,
2760 801 221 96 isch
3044 806 207 92 min
3327 803 300 100 Com-

563 918 192 92 mis
834 915 284 96 taub!
1205 916 992 113 „Heureusement!“
2280 924 171 121 (Es
2526 925 342 122 klopft
2951 944 363 84 erneut
3393 932 237 100 sehr

558 1040 326 113 stark,
962 1058 343 83 zuerst
1379 1046 297 114 links,
1759 1048 271 99 dann
2100 1054 414 120 rechts.)

825 1211 371 97 Albert
1279 1217 400 120 (erhebt
1758 1222 292 122 sich):
2133 1223 134 97 Es
2342 1224 337 122 klopft
2754 1247 254 100 ganz
3083 1232 334 96 sicher
3492 1229 133 100 do

562 1348 138 88 im
796 1343 1007 122 Telephonkaschte.

817 1515 294 97 Jules
1174 1516 671 123 (krampfhaft
1900 1523 516 122 lachend):
2482 1525 234 100 Diss
2770 1531 221 95 isch
3049 1536 279 120 guet!
3387 1533 237 100 Diss

561 1644 220 96 isch
848 1650 276 119 guet!
1195 1646 171 99 Ich
1432 1646 250 100 hoer
1749 1656 212 92 nix!
2028 1715 134 13 -

823 1816 408 100 Albert:
1310 1820 155 97 Do
1545 1822 207 96 will
1831 1823 167 99 ich
2077 1824 263 100 doch
2427 1825 371 101 selwer
2877 1831 279 113 sehn,
3240 1836 162 97 ich
3481 1837 142 97 lid

556 1948 275 96 doch
902 1957 149 88 nit
1127 1987 128 58 an
1326 1951 864 102 Hallücinatione.

822 2120 292 96 Jules
1222 2125 208 116 (ihn
1501 2139 300 84 unter
1872 2127 229 97 dem
2168 2128 257 98 Arm
2493 2130 425 100 haltend
2989 2132 637 125 krampfhaft

554 2248 526 125 lachend):
1159 2250 234 101 Diss
1467 2255 217 96 isch
1755 2260 250 113 jetzt
2080 2258 279 120 guet!
2434 2258 234 97 Diss
2742 2260 218 96 isch
3026 2268 250 114 jetzt
3351 2274 270 112 guet,

558 2385 138 88 im
758 2377 530 122 Telephon
1355 2383 341 119 klopft
1754 2382 184 96 m'r
2000 2386 267 97 doch
2329 2395 175 105 nit,
2571 2396 129 88 im
2767 2389 533 122 Telephon
3363 2395 258 96 tele-

558 2506 483 117 phoniert
1121 2508 221 97 m'r!
1433 2509 425 122 (Ropfer
1942 2514 279 98 lacht
2304 2521 250 113 mit.)

816 2678 409 97 Albert:
1371 2680 161 100 Un
1612 2689 245 113 jetzt
1895 2686 463 121 klopft's
2437 2688 129 96 do
2641 2689 450 114 driwwe,
3170 2694 163 96 ich
3412 2695 208 96 will

557 2806 270 100 doch
902 2808 263 124 gehn
1240 2812 300 118 löuje.

814 2978 392 118 Ropfer
1290 2980 204 117 (ihn
1581 2981 171 96 auf
1831 2985 184 93 der
2098 2987 459 97 anderen
2636 2988 283 100 Seite
3007 3003 295 83 unter
3386 2991 233 97 dem

548 3106 257 96 Arm
855 3107 493 122 fassend):
1406 3109 233 97 Diss
1689 3110 217 97 isch
1956 3120 250 112 jetzt
2256 3125 146 87 nit
2448 3116 349 111 bitter,
2844 3115 254 99 üs'm
3147 3119 471 97 Newets-

560 3237 446 96 zimmer!
1072 3299 130 10 —
1255 3238 234 96 Diss
1551 3248 154 87 sin
1768 3240 400 121 allewäj
2231 3241 870 122 Klopfgeischter!
3168 3307 129 17 —
3351 3249 267 96 Herr

555 3365 430 113 Dokter,
1063 3367 162 95 ich
1297 3376 304 87 weiss
1676 3377 150 87 nit
1896 3378 197 88 wie
2171 3371 168 100 Sie
2414 3372 183 99 m'r
2668 3377 633 97 vorkumme.
3380 3378 234 97 Diss

554 3498 159 93 sin
788 3502 91 114 jo
954 3517 255 100 ganz
1284 3498 641 122 verdächtigi
2000 3499 635 122 Symptome!

812 3665 330 97 Jules:
1208 3667 158 96 Dü
1425 3668 316 96 hesch
1800 3707 129 58 au
1992 3707 112 63 so
2171 3708 54 62 e
2283 3675 297 97 rothe
2641 3672 304 125 Kopf.

812 3836 408 97 Albert:
1370 3838 283 100 Jetzt
1733 3849 304 91 weiss
2116 3845 163 96 ich
2362 3846 371 96 selwer
2808 3852 337 105 nimm,
3258 3883 358 62 woran

558 3965 237 95 dass
883 3966 162 95 ich
1127 3967 205 96 bin.
1423 3968 234 96 Sott
1744 4006 158 59 am
1987 3970 221 96 End
2295 3971 703 127 d'Uffrejung?
3087 4036 129 13 —
3299 3975 317 112 „Mon

548 4090 404 97 Dieu?“
1023 4092 167 121 (Es
1257 4093 337 121 klopft
1652 4098 425 122 wieder)
2144 4099 234 97 Diss
2440 4101 221 96 isch
2719 4102 267 99 doch
3044 4103 338 97 sicher
3444 4125 167 100 ge=

548 4219 454 121 klopft?!

801 4394 430 122 Ropfer:
1301 4396 171 97 Ich
1539 4397 183 97 hör
1789 4398 150 97 als
2001 4400 267 96 noch
2331 4408 208 92 nix.

805 4566 333 97 Jules:
1213 4568 171 96 Ich
1451 4605 125 60 au
1651 4577 180 92 nit.

805 4737 370 96 Albert
1255 4740 245 119 (will
1575 4744 217 96 sich
1867 4752 179 89 mit
2125 4745 405 98 Gewalt
2612 4747 155 97 los
2842 4749 509 122 machen):
3434 4750 175 96 Ich

545 4902 339 60 muess
949 4866 284 97 sehn.
1304 4868 425 121 (Ropfer
1791 4874 200 92 und
2055 4871 287 100 Jules
2404 4875 346 97 lassen
2808 4873 171 100 ihn
3038 4878 282 96 nicht
3379 4878 222 113 frei,

545 4994 392 97 drehen
1012 4992 183 99 ihn
1270 5030 159 63 um
1508 4998 204 96 und
1791 4999 363 97 führen
2237 5000 170 96 ihn
2487 5038 175 59 zur
2741 5002 654 123 Mitteltüre.)

799 5162 424 121 Ropfer:
1299 5167 299 97 Gehn
1661 5165 183 100 m'r
1907 5178 187 88 nüs
2157 5178 100 88 in
2328 5168 122 99 de
2524 5172 359 97 Garte!
2953 5173 108 97 In
3086 5161 133 109 d'
3286 5150 321 122 frisch

543 5290 268 97 Luft.

798 5462 333 97 Jules:
1206 5463 129 100 Jo
1402 5472 101 89 in
1577 5465 413 100 d'frisch
2060 5466 271 101 Luft!

793 5633 429 120 Ropfer:
1301 5635 371 96 Armer
1743 5636 438 97 Dokter!
