1 1
1581 431 138 14 - 47 -

663 591 429 122 Ropfer:
1179 595 184 114 Oh,
1446 597 292 110 doch,
1821 596 300 100 doch!
2213 599 225 111 „Au
2521 604 618 96 contraire!“
3222 553 237 146 Diss

407 732 213 84 wär
674 722 267 99 noch
991 723 541 112 scheener‚
1591 762 300 59 wenn
1949 726 163 96 ich
2174 728 263 96 mich
2499 729 125 96 do
2683 735 150 89 nit
2891 728 251 150 fraje
3203 731 250 97 thät.

406 848 155 100 Do
623 863 388 85 müesst
1077 861 284 88 einer
1427 852 380 97 schöen
1873 854 354 98 difficil
2294 861 179 106 sin,
2540 893 300 59 wenn
2932 895 46 55 ‘r
3044 859 217 95 sich
3327 860 125 93 do

405 986 150 89 nit
639 980 255 121 fraje
977 982 250 97 thät.
1322 980 546 120 (Heuchelt
1952 989 229 88 eine
2268 1003 351 103 grosse
2706 985 467 120 Freude.)
3335 985 116 113 O,

401 1116 196 92 wie
647 1109 188 122 fraj
900 1111 159 96 ich
1113 1113 296 109 mich,
1467 1114 234 94 dass
1759 1113 162 96 ich
1984 1151 54 59 e
2093 1066 446 145 Tochter
2596 1114 239 96 hab!
2906 1116 229 116 (Für
3197 1119 249 117 sich)

404 1240 334 96 Wenn
803 1247 147 89 sie
1020 1278 188 59 nur
1271 1242 271 96 biem
1617 1241 382 121 Gügsel
2066 1248 251 91 wär!

657 1411 387 96 Anatol
1107 1416 216 117 (mit
1382 1414 229 96 dem
1669 1412 338 100 Kranz
2066 1451 204 60 von
2328 1416 345 114 links):
2740 1415 171 96 Ich
2966 1416 196 96 hab
3223 1414 226 97 litte

401 1540 346 115 höere,
822 1542 500 98 demnoch
1386 1543 399 98 schient
1851 1546 164 93 die
2081 1543 291 98 Licht
2439 1547 263 116 glich
2765 1581 117 60 ze
2948 1554 183 88 sin.

655 1712 425 122 Ropfer:
1159 1716 463 118 Sapristi,
1696 1716 180 96 der
1939 1717 224 94 hett
2230 1717 247 119 grad
2542 1715 267 95 noch
2875 1716 385 120 g'fehlt!
3326 1778 125 12 -

405 1844 424 117 (Anatol
924 1846 672 152 vorstellend)
1695 1845 155 96 Do
1954 1843 145 96 d'r
2195 1846 643 120 Apotheker,
2942 1846 149 96 d'r
3183 1847 267 97 Herr

394 1969 421 122 Ropfer,
929 1982 325 88 miner
1365 1972 368 111 Unkel,
1854 2012 54 59 e
1995 1976 649 94 charmanter
2753 1973 350 111 Mann,
3228 2011 217 59 e-n-

393 2108 385 149 artiger
847 2102 346 110 Mann,
1268 2138 54 58 e
1393 2103 588 118 prächtiger
2048 2101 350 98 Mann.
2477 2104 233 117 (Für
2781 2103 251 121 sich)
3115 2104 333 135 Wenn

393 2228 162 97 ‘ne
613 2267 404 61 numme
1081 2232 149 93 d'r
1292 2230 339 98 Deifel
1693 2232 234 93 hole
1992 2231 256 96 thät!
2314 2295 129 8 -

645 2401 484 96 Madame
1184 2398 499 98 Schmidt:
1805 2400 700 99 „Enchantée!”
2572 2402 525 123 (Verneigt
3154 2402 283 121 sich.)

644 2574 426 95 Anatol:
1149 2575 195 109 Ah,
1424 2573 395 119 allewej
1894 2584 317 87 iemes
2286 2583 117 87 üs
2478 2575 150 96 d'r
2695 2575 387 96 Famili.
3165 2576 272 121 (Um-

389 2713 263 84 armt
727 2701 483 99 Madame
1294 2704 496 116 Schmidt)
1877 2705 171 95 Ich
2127 2740 329 59 nemm
2539 2706 289 93 recht
2910 2704 385 111 Anteil,
3386 2744 54 58 e

385 2837 191 87 züe
647 2866 54 56 e
768 2836 438 113 trüriger
1272 2830 216 95 Fall
1574 2904 202 27 ...

641 2981 481 97 Madame
1196 2982 462 97 Schmidt
1804 2988 158 117 (zu
2038 2985 466 120 Ropfer):
2654 2986 229 99 Wie
2962 2996 317 89 meint
3362 2990 75 92 ’r

386 3111 293 126 diss ?

639 3269 421 119 Ropfer:
1119 3271 130 95 Er
1302 3273 217 94 isch
1573 3311 51 54 e
1677 3270 312 97 bissel
2039 3272 234 111 lätz,
2331 3308 275 59 awer
2660 3274 371 94 sunsch
3085 3273 218 96 isch
3361 3273 74 96 'r

381 3400 324 96 recht.
776 3463 129 10 —
981 3402 70 93 ‘s
1127 3401 216 95 isch
1418 3409 316 86 iemes
1809 3409 721 111 gstorwe-n-in
2614 3401 145 96 d'r
2834 3402 385 112 Famili,
3302 3440 129 58 un

384 3566 109 58 er
567 3529 212 97 halt
854 3531 233 93 dich
1158 3529 155 96 for
1393 3568 53 59 e
1518 3531 629 96 Verwandti.

636 3699 422 96 Anatol:
1200 3700 117 96 D'
1395 3702 600 117 Hauptsach
2070 3703 246 109 isch,
2400 3700 237 97 dass
2716 3711 142 87 sie
2937 3709 145 87 nit
3157 3701 272 97 liede

378 3827 220 98 hett
660 3831 397 95 muehn.

630 3985 392 121 Ropfer
1109 3987 196 120 (für
1393 3986 291 121 sich):
1776 3987 79 96 E
1940 3986 425 117 heiliger
2451 3986 497 97 Bimbam!
3035 4047 129 13 —
3247 3986 179 120 (Zu

379 4116 479 98 Madame
933 4116 493 119 Schmidt)
1513 4115 130 96 Er
1722 4116 228 96 hört
2026 4152 54 58 e
2155 4115 313 97 bissel
2546 4116 358 95 uewel.

624 4289 483 96 Madame
1167 4285 421 120 Ropfer:
1662 4284 229 99 Wie
1958 4284 71 97 ‘s
2095 4287 396 93 schient
2554 4322 54 55 e
2671 4284 312 95 bissel
3046 4248 250 133 viel!

626 4461 389 95 Anatol
1077 4466 162 116 (zu
1298 4459 479 98 Madame
1844 4457 533 118 Schmidt):
2448 4456 159 112 Ja,
2669 4457 163 96 ich
2887 4455 207 95 will
3157 4456 266 125 doch

372 4592 550 115 g'schwind
997 4592 263 119 gehn
1327 4595 241 90 mini
1643 4587 404 99 Schueh
2130 4592 377 112 anzeje.
2582 4585 332 100 Wenn
2989 4584 171 99 Sie
3227 4590 191 87 mir

371 4720 663 98 G'sellschaft
1104 4719 434 98 leischte
1613 4716 329 114 welle,
2017 4714 513 112 Madame,
2610 4752 116 58 ze
2805 4712 271 97 soll's
3147 4702 274 105 mich

370 4845 283 122 fraje.

619 5002 483 99 Madame
1157 4950 488 150 Schmidt
1682 5004 154 117 (zu
1894 4999 463 120 Ropfer):
2432 4997 208 112 „Eh
2695 4994 241 97 bien
2990 4994 418 129 merci!„

364 5132 79 95 E
526 5135 417 95 schöeni
1026 5132 526 116 Inladung!

617 5303 425 98 Anatol:
1191 5292 197 109 M'r
1500 5303 342 96 könne
1959 5298 321 100 d'rbie
2392 5334 204 58 vun
2709 5294 700 97 dere-n-arme

363 5428 325 102 Tante
758 5435 308 96 Aline
1137 5430 347 99 redde.
