1 1
1691 325 138 108 —
1975 333 137 133 9
2258 333 171 100 —

766 591 338 92 Marie
1179 587 358 121 (durch
1608 587 162 96 die
1837 583 388 121 Mitte):
2304 583 212 96 Bitt
2587 583 342 108 schön,
3004 591 192 113 gnä
3258 583 304 96 Frau!

512 725 208 95 Das
787 716 433 125 Gepäck
1279 725 133 91 ist
1470 725 105 87 in
1629 712 329 100 Ihrem
2016 712 434 96 Zimmer
2508 712 504 96 nebenan.

770 891 484 96 Madame
1329 883 433 142 Ropfer:
1841 883 500 100 Existiert
2416 887 309 92 keine
2804 883 767 117 Verbindungs-

516 1033 163 87 tür
745 1020 517 96 zwischen
1320 1025 438 87 meinem
1825 1016 429 96 Zimmer
2321 1016 204 92 und
2600 1012 454 96 diesem?

770 1191 371 96 Marie:
1225 1191 141 96 Zu
1441 1191 404 109 dienen,
1925 1195 195 113 gnä
2187 1183 296 108 Frau,
2558 1216 238 63 man
2866 1179 438 96 braucht
3379 1212 225 58 nur

512 1325 204 95 den
787 1320 467 100 Schrank
1320 1316 788 121 wegzurücken.

766 1491 484 96 Madame
1341 1487 425 121 Ropfer:
1929 1487 237 108 Gut,
2262 1487 275 96 dann
2625 1483 391 96 rücken
3104 1483 171 96 Sie
3366 1483 200 92 den

512 1625 471 100 Schrank
1058 1641 254 100 weg,
1395 1620 205 96 und
1675 1620 362 96 diesen
2112 1612 467 100 Schrank
2654 1612 396 96 rücken
3129 1608 175 100 Sie
3379 1641 187 63 vor

512 1754 288 96 diese
891 1754 238 91 Tür.
1291 1750 209 120 (Sie
1591 1750 359 91 deutet
2041 1741 171 100 auf
2300 1741 200 96 den
2587 1741 467 96 Schrank
3146 1737 416 117 rechts.)

512 1883 250 96 Man
837 1883 263 92 fühlt
1179 1879 216 96 sich
1470 1879 442 116 ruhiger.

766 2054 375 96 Marie:
1225 2050 141 95 Zu
1441 2050 400 108 dienen,
1925 2054 191 112 gnä
2191 2045 305 92 Frau!
2587 2037 421 121 (Schaut
3083 1987 466 176 verdutzt

512 2183 392 121 Ropfer
979 2183 196 117 an.)
1254 2179 250 100 Sind
1575 2175 183 100 der
1833 2175 262 95 Herr
2171 2179 179 87 mit
2429 2166 867 100 einverstanden?

766 2350 392 116 Ropfer
1300 2350 658 120 (gezwungen
2033 2341 517 121 lachend):
2687 2337 234 100 Diss
2996 2337 220 96 isch
3283 2337 279 117 guet!

508 2487 321 92 Awer
904 2479 583 96 natierlich!
1570 2475 363 100 Warte
2016 2470 200 113 Sie,
2304 2470 158 96 ich
2546 2470 325 96 druck
2958 2466 154 96 'ne
3196 2466 370 96 selwer

508 2650 221 58 vor.
812 2608 167 121 (Er
1054 2608 371 96 drückt
1500 2608 200 92 den
1770 2604 467 96 Schrank
2308 2637 188 58 vor
2566 2600 163 95 die
2804 2595 267 96 Türe
3146 2595 412 117 rechts.)

512 2741 417 96 Drucke
1000 2737 170 100 Sie
1250 2733 683 100 de-n-andere
2004 2729 412 96 zeruck.

762 2908 338 96 Marie
1195 2904 430 121 (welche
1716 2904 217 96 sich
2020 2900 234 95 dem
2346 2895 466 100 Schrank
2900 2895 271 96 links
3262 2912 346 108 zuge-

508 3037 417 100 wendet
991 3037 209 109 hat,
1270 3033 300 96 rückt
1641 3033 354 96 diesen
2066 3029 413 108 zurück,
2554 3062 112 59 so
2741 3025 238 96 dass
3054 3025 162 96 die
3296 3025 266 91 Türe

516 3171 192 91 frei
770 3166 334 117 wird):
1179 3162 137 96 Zu
1387 3162 400 109 dienen,
1858 3166 196 113 gnä
2125 3154 300 96 Herr!

770 3337 480 96 Madame
1354 3329 387 121 Ropfer
1887 3329 196 112 (für
2183 3325 292 121 sich):
2625 3325 83 96 O
2816 3325 163 96 die
3083 3300 492 116 Männer!

516 3466 392 100 D'heim
991 3462 221 100 thät
1295 3462 71 96 'r
1445 3462 275 96 kenn
1804 3458 354 100 Stuehl
2237 3491 234 59 vum
2550 3454 316 96 Fleck
2950 3450 358 96 rucke!
3391 3446 171 95 Ich

520 3600 300 121 glaub
912 3616 200 100 gar,
1212 3633 108 58 er
1408 3591 221 96 hett
1720 3587 396 96 e-n-Au
2204 3583 142 96 uff
2429 3583 208 96 diss
2729 3575 426 120 Maidel!

775 3766 375 96 Marie:
1212 3766 142 96 Zu
1416 3766 400 105 dienen,
1883 3766 196 113 gnä
2137 3758 304 96 Frau!
2508 3754 500 96 Schliesst
3071 3750 162 96 die
3300 3750 266 96 Türe

516 3896 242 120 auf.)
841 3896 334 95 Wenn
1254 3896 166 91 die
1500 3900 191 112 gnä
1766 3887 267 96 Frau
2120 3891 513 88 eintreten
2712 3879 404 96 wollen.
3208 3875 358 125 (Beide

520 4025 125 96 ab
670 4017 317 132 nach
1016 4017 346 132 links.)

775 4191 387 121 Ropfer
1241 4191 250 117 (sich
1570 4187 196 96 den
1845 4183 509 100 Schweiss
2429 4216 204 59 von
2708 4179 183 96 der
2966 4175 342 100 Stirne
3383 4179 183 87 wi-

525 4325 458 121 schend):
1062 4321 233 95 Diss
1370 4316 188 96 soll
1629 4312 183 96 m'r
1879 4321 246 108 jetzt
2196 4316 170 88 nix
2441 4312 192 92 sin!
2704 4366 133 13 —
2904 4304 229 96 Diss
3212 4308 354 88 nimmt

516 4454 267 96 noch
845 4450 450 100 e-n-End
1354 4454 183 87 mit
1595 4441 559 100 Schrecke!
2216 4437 171 96 Ich
2450 4437 337 96 kumm
2854 4433 179 92 m'r
3087 4466 217 75 vor,
3366 4433 200 92 wie

525 4616 295 63 wenn
900 4587 29 88 i
1012 4587 100 88 in
1187 4575 508 96 Rüssland
1783 4579 212 87 wär
2108 4566 204 96 und
2421 4575 387 83 muesst
2921 4558 645 121 allegelte-n-

525 4708 641 146 explodiere!

775 4875 291 96 Jules
1145 4875 596 121 (vorsichtig
1816 4871 196 95 den
2087 4866 271 117 Kopf
2433 4900 175 58 zur
2679 4858 579 100 Mitteltüre
3333 4858 229 92 her-

525 5000 804 121 einstreckend):
1400 5000 179 100 Sin
1641 5000 171 100 Sie
1875 4996 375 100 ellein
2174 4990 46 135 ?

770 5175 392 121 Ropfer
1254 5166 704 130 (weinerlich):
2120 5166 155 109 Jo,
2396 5200 212 58 was
2725 5158 179 96 m'r
3021 5171 300 83 unter
3437 5162 125 88 de

516 5300 1109 133 jetzige-n-Umstände
1704 5296 304 100 ellein
2087 5296 338 95 heisse
2500 5291 304 96 kann.
2887 5287 421 121 (Deutet
3383 5287 183 92 mit

508 5437 233 100 dem
808 5437 467 96 Daumen
1341 5429 171 100 auf
1583 5429 162 96 die
1816 5425 430 96 Zimmer
2312 5421 271 95 links
2654 5416 204 96 und
2925 5412 412 121 rechts.)
