1 1
1699 229 748 174 - 55 -

834 506 380 121 Ropfer
1276 506 192 117 (für
1521 507 288 112 sich):
1867 503 559 113 Nundedje!
2485 504 183 92 Als
2726 505 145 91 d’r
2926 501 475 100 Commis!
3456 564 124 12 -

588 638 175 113 (Zu
817 635 321 121 Jules)
1197 635 245 96 Was
1496 632 364 96 mache
1909 629 170 99 Sie
2134 632 262 92 denn
2459 637 129 87 im
2643 629 591 117 Telephon?
3305 631 275 116 (Man

584 767 229 92 hört
879 763 459 97 Susanne
1413 757 525 121 energisch
2009 757 625 117 schimpfen.)

829 917 325 97 Jules:
1216 919 168 99 Ich
1442 923 637 121 telephonier
2325 1004 17 17 ...
2409 929 166 96 Sie
2634 930 308 95 höere
3000 884 134 159 jo‚
3192 931 71 95 's
3324 935 251 91 tele-

583 1042 500 117 phoniert.

821 1201 470 93 Susanne
1358 1207 159 115 (im
1579 1203 596 126 Telephon):
2304 1183 504 146 „Voyons“,
2874 1250 117 55 ze
3049 1213 205 96 loss
3313 1214 261 96 mich

583 1327 258 94 doch
920 1330 396 92 endlich
1391 1332 258 96 emol
1724 1337 267 92 erüs!

828 1496 475 97 Madame
1358 1497 453 97 Schmidt
1866 1503 367 116 (hinter
2283 1504 458 117 Ropfer):
2808 1505 496 120 „Voyons,
3362 1510 208 91 An-

583 1622 378 95 toine!“
1023 1622 130 96 Ze
1215 1627 292 92 mach
1573 1628 259 95 doch
1894 1632 389 92 endlich
2353 1630 175 95 uff!

827 1792 460 94 Susanne
1373 1797 200 117 (die
1652 1798 264 96 Türe
1998 1799 725 110 aufdrückend,
2815 1805 442 117 heraus):
3379 1801 194 96 M'r

578 1918 499 96 verstickt
1140 1927 87 104 jo
1294 1922 125 96 do
1486 1923 383 96 drinne.

823 2085 288 96 Jules
1182 2093 154 113 (zu
1390 2090 412 117 Ropfer,
1869 2094 178 93 der
2107 2095 521 117 sprachlos
2690 2100 204 113 ist):
2960 2096 76 93 E
3102 2096 463 114 Cousine,

576 2221 234 85 mini
882 2214 436 96 Cousine
1572 2290 17 21 ...

822 2377 475 100 Madame
1352 2381 454 97 Schmidt
1868 2386 346 112 (durch
2272 2387 163 92 die
2494 2387 263 97 Türe
2814 2388 263 96 links
3135 2392 517 118 herein):

576 2505 534 113 „Antoine,
1235 2510 475 117 voyons“,
1872 2548 200 59 was
2160 2512 217 96 hett
2464 2516 263 93 denn
2822 2517 200 93 diss
3114 2517 246 93 alles
3452 2551 112 59 ze

572 2630 500 100 beditte?!
1138 2693 126 14 -

817 2797 384 117 Ropfer
1275 2806 156 112 (zu
1500 2803 360 116 Jules):
1935 2804 79 94 E
2088 2791 467 125 Cousine,
2622 2817 237 83 mini
2935 2809 649 109 Cousine...

746 2963 529 97 Susanne
1359 2968 205 114 (auf
1638 2969 472 97 Madame
2197 2970 449 97 Schmidt
2726 2980 195 108 zu):
3009 2975 201 113 „Te
3292 2976 271 96 voilà

571 3088 288 110 enfin,
925 3093 496 92 maman!”

817 3256 383 121 Ropfer
1321 3261 279 117 (lässt
1691 3265 208 92 sich
1991 3266 518 116 sprachlos
2633 3267 163 92 auf
2892 3276 291 87 einen
3271 3268 288 99 Stuhl

567 3384 383 118 fallen):
1042 3385 232 108 „Ma
1354 3464 199 35 ...
1646 3390 512 96 Maman!“
2301 3391 178 113 Na,
2566 3405 238 100 jetzt
2891 3396 351 93 kann's
3326 3410 236 104 guet

566 3514 313 92 wäre!

816 3667 496 97 Susanne:
1391 3669 188 96 Wo
1658 3674 283 91 bisch
2016 3674 263 92 denn
2354 3712 108 55 so
2541 3675 229 117 lang
2845 3677 713 119 gebliwwe??!

869 3835 476 96 Madame
1416 3836 488 96 Schmidt:
1973 3840 151 96 Do
2195 3841 350 96 drinne
2616 3843 392 95 hawich
3079 3852 125 86 im
3275 3843 282 117 Apo-

562 3963 391 110 theker,
1008 3968 128 88 im
1190 3964 259 93 Herr
1503 3964 409 118 Ropfer,
1974 3965 650 97 G'sellschaft
2682 3970 422 93 leischte
3162 3972 392 96 muehn.

562 4088 78 93 E
711 4088 600 117 grässlicher
1383 4089 461 97 Mensch!

811 4256 325 96 Jules:
1207 4257 187 117 (für
1457 4261 283 113 sich):
1807 4258 254 108 Wie,
2119 4262 275 92 was?
2465 4245 134 109 Im
2657 4262 258 93 Herr
2974 4260 450 120 Ropfer?

807 4423 471 95 Madame
1348 4424 488 95 Schmidt
1907 4428 146 92 Do
2123 4429 142 91 d'r
2336 4429 254 91 Herr
2656 4429 368 92 Müller
3090 4430 217 92 hett
3374 4435 178 87 m'r

553 4584 124 63 ne
740 4555 573 125 vorg'stellt
1364 4627 215 38 ...

806 4718 325 95 Jules:
1185 4718 167 96 D'r
1406 4723 258 91 Herr
1718 4721 494 116 Müller?!
2227 4721 178 107 -
2412 4721 287 129 (Für
2701 4721 270 142 sich)
2995 4721 235 120 Isch
3285 4722 264 96 denn

560 4842 246 96 alles
877 4848 462 91 confüs?!
1410 4906 129 12 -

802 5010 383 117 Ropfer
1247 5015 154 112 (zu
1464 5014 358 114 Jules):
1892 5015 151 110 Ja,
2106 5016 157 92 ich
2326 5012 142 96 d'r
2530 5013 258 95 Herr
2847 5013 396 109 Müller,
3306 5022 237 84 mini

555 5134 579 125 Wenigkeit
1201 5139 142 93 d'r
1409 5140 255 95 Herr
1730 5140 396 110 Müller,
2198 5141 212 92 hett
2476 5141 88 92 d'
2631 5138 199 95 Ehr
2897 5138 334 117 g'hett,
3301 5142 241 93 dere

551 5263 500 110 Madame,
1134 5264 121 96 de
1338 5268 255 92 Herr
1671 5266 409 120 Ropfer,
2163 5275 263 84 mine
2505 5266 329 93 Unkel
2922 5267 408 117 Ropfer,
3417 5264 121 96 de
