1 1
1817 323 748 132 - 39 -

890 549 436 125 Ropfer:
1384 551 284 99 Halt!
1729 549 235 97 Diss
2022 548 221 98 isch
2292 553 96 116 jo
2447 583 50 59 e
2539 539 933 120 „nature-morte“,
3526 546 204 94 wie

633 684 167 99 ich
863 686 270 96 mole
1196 683 204 96 hab
1467 678 440 100 welle!

891 846 396 98 Anatol
1349 850 238 121 (den
1648 852 329 98 Mund
2028 852 296 125 voll):
2391 855 283 115 „Elle
2737 870 154 86 est
2949 857 513 118 juteuse!“
3523 861 210 101 Zue

636 975 283 102 safti!
985 977 313 117 (Geht
1355 989 181 87 mit
1597 981 230 97 dem
1886 983 346 98 Kranz
2290 987 207 96 und
2548 994 184 90 mit
2790 989 228 97 dem
3081 990 655 101 Handkoffer

635 1109 266 96 nach
971 1107 272 98 links
1314 1109 362 101 hinten
1747 1112 200 122 ab.)
2022 1114 209 97 Zue
2306 1117 270 97 safti.

891 1293 434 123 Ropfer:
1453 1297 293 115 Nein,
1884 1300 162 97 ich
2175 1302 483 97 bekumm
2792 1306 149 97 als
3071 1346 54 55 e
3254 1315 479 112 grössere

637 1425 421 103 Wueth!
1145 1429 337 100 Wenn
1558 1428 187 96 m'r
1823 1438 151 91 nit
2053 1439 266 89 ierix
2403 1471 54 58 e
2533 1433 296 98 Licht
2908 1436 312 112 finde,
3304 1473 162 59 wo
3549 1434 184 99 m'r

639 1555 334 101 denne
1069 1569 346 87 tauwe
1507 1560 345 98 Unkel
1940 1562 621 97 mitschicke
2656 1564 376 111 könne,
3160 1602 118 61 ze
3369 1564 363 123 bringe

635 1688 183 96 m'r
885 1727 129 59 ne
1085 1695 353 92 nimmi
1506 1727 295 60 zuem
1868 1692 220 97 Hüs
2159 1695 227 96 nüs!

892 1878 396 96 Anatol
1391 1884 243 116 (von
1730 1879 275 100 links
2104 1889 101 88 in
2304 1882 813 122 Hemdärmeln):
3291 1884 189 114 Do,
3583 1883 151 97 d'r

637 2008 712 121 Schampetiss
1436 2011 192 99 soll
1711 2012 184 96 m'r
1983 2010 341 100 denne
2407 2012 351 123 Knopf
2844 2050 131 62 an
3058 2012 129 97 de
3269 2010 467 126 Anglees

635 2139 333 121 nähje.
1061 2141 187 103 Es
1332 2141 407 98 schickt
1823 2143 246 113 sich,
2160 2140 239 100 dass
2493 2151 197 88 eim
2773 2144 280 97 kenn
3132 2143 354 122 Knopf
3573 2179 163 63 am

634 2268 459 124 Anglees
1152 2270 287 111 fehlt,
1497 2307 305 62 wenn
1856 2271 183 96 m'r
2097 2310 192 59 zue
2343 2270 150 97 d'r
2548 2271 291 99 Licht
2893 2312 209 59 vun
3164 2310 175 59 ere
3398 2274 337 98 Tante

638 2401 271 121 geht.
984 2399 430 121 (Ropfer
1476 2410 358 87 nimmt
1901 2401 203 96 ihm
2172 2402 200 97 den
2431 2400 299 100 Rock
2801 2403 162 96 ab.
3026 2400 391 102 Anatol
3484 2412 250 88 wie-

637 2530 183 100 der
895 2532 125 96 ab
1095 2534 267 95 nach
1434 2531 345 118 links.)

893 2716 435 121 Ropfer:
1390 2716 392 115 „Bon!“
1840 2720 287 98 Jetzt
2182 2753 279 63 wurr
2514 2719 164 98 ich
2736 2756 162 60 am
2953 2720 228 97 End
3235 2740 176 103 gar
3465 2718 274 100 noch

638 2847 376 104 selwer
1114 2845 342 98 denne
1555 2847 351 120 Knopf
2010 2853 442 117 annähje
2552 2849 417 96 müehn!
3081 2847 350 117 (Wirft
3535 2850 203 97 den

637 2975 297 97 Rock
1013 2975 175 95 auf
1267 2984 305 88 einen
1651 2974 333 119 Stuhl)
2073 2976 74 97 ‘s
2226 2978 221 96 isch
2518 2976 183 97 m'r
2780 2987 308 88 weiss
3176 2976 221 100 Gift
3479 2978 255 98 alles

637 3103 442 98 verleid!
1154 3104 204 121 (Ab
1425 3106 325 97 durch
1812 3105 167 97 die
2047 3106 270 98 Türe
2383 3105 400 118 links.)

890 3289 296 98 Jules
1277 3293 575 123 (aufgeregt
1932 3293 171 96 auf
2191 3292 204 99 und
2474 3293 208 117 ab):
2832 3291 209 101 Leb
3124 3294 166 96 ich
3369 3302 104 89 in
3557 3330 175 62 ere

634 3422 501 125 Angscht,
1207 3425 169 97 leb
1448 3424 165 95 ich
1681 3432 104 88 in
1860 3460 175 62 ere
2106 3423 504 118 Angscht.
2681 3423 338 100 Wenn
3090 3422 91 99 d'
3265 3422 469 101 Susanne

626 3581 971 97 mini
1722 3583 183 87 Kart
2038 3568 251 111 bekumme
2422 3582 554 96 hett'
3098 3580 261 97 mit
3389 3579 341 95 minere-n-Adress

633 3683 387 112 drowe,
1104 3721 117 58 ze
1305 3688 178 93 bin
1562 3686 167 96 ich
1808 3685 450 97 verlore.
2354 3684 509 115 (Susanne
2950 3684 204 96 und
3238 3681 491 101 Madame

632 3812 463 101 Schmidt
1182 3814 321 99 durch
1586 3815 167 97 die
1836 3816 313 97 Mitte
2237 3815 391 98 herein.
2716 3815 471 100 Susanne
3274 3819 133 92 ist
3495 3820 233 92 eine

627 3944 463 99 hübsche
1148 3943 737 123 Erscheinung.
1952 3943 321 97 Beide
2336 3943 225 98 sind
2623 3944 413 118 elegant
3098 3961 629 103 angezogen.

630 4076 325 114 Jules,
1014 4087 476 98 entsetzt,
1547 4083 321 91 stösst
1915 4076 169 96 bei
2140 4073 324 97 deren
2510 4073 450 97 Auftritt
3014 4079 300 89 einen
3364 4069 366 100 Schrei

633 4210 255 117 aus.)

891 4362 491 99 Madame
1441 4359 466 98 Schmidt
1978 4357 435 124 (heftig):
2487 4356 263 115 „Ah!
2824 4358 96 96 le
2979 4356 388 99 voilà!“

890 4535 512 100 Susanne:
1465 4535 208 114 „En
1740 4533 275 110 effet,
2073 4535 96 96 le
2227 4530 385 99 voilà!“

893 4710 296 97 Jules
1351 4711 259 119 (sich
1697 4707 454 112 fassend,
2246 4705 169 98 auf
2510 4702 471 100 Susanne
3106 4696 616 127 zugehend):

638 4843 572 112 „Susanne!
1346 4838 482 115 Bonjour,
1962 4873 163 59 ma
2259 4837 308 95 chère
2709 4831 509 101 Susanne!
3359 4825 371 162 Quelle

633 4972 345 100 bonne
1045 4965 567 128 surprise!“
1678 4966 250 100 Was
1995 4961 846 123 e-n-angenehmi
2904 4964 638 106 „surprise“!

894 5157 488 100 Madame
1447 5151 467 102 Schmidt
1985 5156 455 120 (vertritt
2502 5147 200 100 ihm
2772 5145 200 99 den
3032 5143 337 122 Weg):
3440 5141 284 100 Halt!

639 5285 846 126 „Impertinent“!

899 5462 296 96 Jules
1267 5459 196 121 (für
1533 5461 292 118 sich):
1904 5455 84 100 O
2055 5454 266 99 weh!
