1 1
1895 320 426 105 -18
2471 379 141 12 -

966 533 754 125 Schampetiss:
1800 541 275 96 Wiel
2146 545 166 96 ich
2387 554 338 104 weiss,
2804 550 271 112 dass,
3158 591 304 63 wenn
3537 562 275 121 jungi

704 662 246 125 Lytt
1012 666 458 100 bienand
1541 679 184 104 sin,
1804 679 150 91 sie
2025 712 237 58 vum
2333 679 717 100 Wiewervolk
3121 687 354 113 redde,
3558 691 254 121 grad

712 833 146 71 so,
941 804 200 91 wie
1241 812 67 83 's
1391 800 717 100 Wiewervolk
2233 841 204 63 vun
2562 808 129 96 de
2812 808 584 129 Mannslytt
3516 820 288 113 redd,

700 925 395 100 wenn's
1158 941 308 88 unter
1533 929 221 100 sich
1825 933 250 96 isch.

962 1100 338 100 Jules:
1370 1104 163 96 Ihr
1604 1112 154 92 sin
1816 1116 317 113 wajer
2200 1150 54 58 e
2325 1112 833 104 Gedankeleser!

958 1275 754 125 Schampetiss:
1804 1283 742 112 „Sacrebleu!“
2637 1291 113 96 In
2837 1295 125 96 de
3050 1300 300 120 junge
3441 1300 355 112 Johre,

704 1408 129 96 do
929 1404 404 100 hawich
1420 1412 267 96 mich
1779 1420 312 117 wajer
2187 1454 125 62 au
2400 1429 154 87 nit
2650 1425 391 116 g'sümt,
3146 1437 195 88 wie
3441 1433 163 96 ich
3696 1437 104 92 in

695 1537 292 96 Paris
1058 1545 104 88 in
1233 1537 521 104 Garnison
1820 1550 330 116 geleje
2221 1550 208 95 bin.
2504 1550 158 100 Do
2737 1554 192 100 soll
3000 1558 166 96 ich
3237 1566 150 92 nit
3462 1562 334 121 g'hüst

695 1666 234 96 han.
987 1666 300 100 Kenn
1345 1670 492 117 Wunder,
1900 1675 237 100 dass
2200 1687 100 88 in
2358 1683 292 96 Paris
2716 1720 113 63 so
2891 1691 205 92 viel
3158 1687 238 125 Lytt
3425 1687 366 100 erum-

695 1795 309 117 läufe,
1083 1808 200 92 wie
1354 1800 183 100 m'r
1616 1804 409 100 ähnlich
2100 1812 283 96 sehn.
2466 1812 434 113 „Parole
2983 1816 675 100 d‘honneur!“

950 2004 333 96 Jules:
1350 2008 304 100 Alter
1716 2012 850 100 Schnitzbuckel!

945 2208 750 125 Schampetiss:
1775 2216 558 100 B'sunders
2416 2258 130 62 an
2629 2233 200 87 eini
2912 2225 275 95 denk
3271 2233 162 92 ich
3516 2233 271 92 noch

691 2333 413 129 allewyl
1225 2345 412 113 zeruck,
1766 2345 71 96 ’s
1966 2345 221 100 isch
2312 2387 54 58 e
2491 2354 455 121 „payse“
3075 2358 462 117 gewahn,
3662 2370 121 84 üs

691 2466 663 104 Schlettstatt
1425 2479 383 96 drowe.
1875 2541 129 13 —
2070 2479 76 100 ‘s
2212 2483 217 96 isch
2504 2487 521 108 einthuen,
3100 2491 166 92 ich
3337 2487 225 96 hätt
3633 2500 150 83 sie

683 2604 150 91 nit
891 2608 254 92 sitze
1208 2604 258 100 solle
1525 2608 200 112 lon,
1791 2645 134 59 un
1987 2633 175 96 gar
2227 2687 197 14 ...
2504 2612 433 113 „enfin“,
3004 2612 325 100 redde
3387 2616 184 96 m'r
3633 2625 150 91 nit

691 2729 388 100 d'rvun.
1233 2733 171 100 D'r
1487 2737 550 121 Napoleon
2125 2741 129 96 III
2337 2741 225 96 hett
2646 2745 183 92 m'r
2912 2745 225 96 meh
3237 2754 188 91 wie
3516 2750 267 91 emol

687 2858 358 121 g'saat:
1125 2866 804 125 „Schampetiss,
2004 2870 129 96 dü
2204 2870 417 100 hättsch
2691 2870 75 100 s’
2846 2875 650 120 Schosephin
3566 2875 217 95 hie-

683 2991 300 100 rothe
1062 2995 350 96 selle.”

937 3166 396 121 Ropfer
1412 3175 242 116 (von
1729 3170 308 117 links;
2120 3175 234 95 hört
2433 3175 167 95 die
2679 3175 396 95 letzten
3150 3175 366 100 Worte
3596 3183 183 92 mit

687 3300 204 116 an):
966 3300 338 95 Wenn
1379 3300 75 95 'r
1525 3304 250 121 Ejch
1845 3304 267 96 doch
2183 3341 408 59 numme
2671 3304 379 96 einmol
3129 3304 208 96 diss
3416 3308 359 121 Lüeje-

679 3425 758 120 n-abgewöhne
1512 3437 367 92 wotte!

937 3600 746 125 Schampetiss:
1833 3608 296 96 Alles
2250 3616 229 113 püri
2596 3608 575 112 Wohrheit,
3291 3612 475 117 „patron!

679 3729 366 100 Parole
1116 3733 671 100 d'honneur!”

933 3900 392 125 Ropfer
1391 3908 517 121 (begrüsst
1962 3908 454 121 Albert):
2483 3908 238 96 Diss
2783 3912 213 92 isch
3058 3912 413 108 schoen,
3533 3912 238 96 dass

683 4029 171 100 Sie
941 4070 109 59 so
1137 4037 392 96 schnell
1612 4041 413 96 kumme
2116 4045 184 92 sin.
2387 4041 167 96 Ich
2641 4041 350 96 möcht
3083 4041 150 96 'ne
3321 4041 445 96 nämlich

679 4166 241 92 mini
991 4166 396 117 nejscht
1462 4166 617 121 Spezialität
2158 4175 288 112 zeije,
2521 4179 195 87 wie
2796 4170 158 96 ich
3033 4170 429 96 erfunde
3537 4166 234 96 hab.

675 4287 191 113 Do,
979 4291 1354 129 d'Gebrauchsanweisung.
2491 4295 292 121 (Gibt
2937 4295 200 96 ihm
3291 4304 163 87 ein
3604 4316 167 100 ge-

683 4412 492 104 drucktes
1258 4420 604 125 Formular.)

937 4587 333 100 Jules:
1383 4595 200 96 M'r
1658 4600 204 95 han
1941 4600 321 95 schun
2346 4600 541 120 gelungeni
2966 4595 534 100 Versuech
3587 4604 184 87 mit

683 4716 433 125 Kinjele,
1195 4720 305 125 Hund
1575 4762 137 63 un
1787 4729 333 96 Katze
2204 4729 504 121 gemacht.

937 4891 392 121 Ropfer
1420 4900 159 116 (zu
1666 4895 450 117 Albert):
2300 4900 329 100 Welle
2721 4900 258 100 Sie's
3071 4912 145 83 nit
3308 4937 129 58 au
3533 4937 229 58 ver-

683 5020 408 113 sueche,
1145 5025 267 95 Herr
1462 5025 471 100 Dokter?
2000 5029 383 121 (Bietet
2437 5029 375 96 Albert
2875 5037 162 88 ein
3091 5033 671 108 Fläschchen,

683 5145 183 96 das
937 5183 108 62 er
1116 5187 179 88 aus
1366 5154 179 96 der
1612 5154 404 100 Tasche
2087 5158 300 112 zieht,
2466 5162 196 113 an.)

937 5333 413 96 Albert:
1412 5337 458 113 ,Merci“
1929 5341 417 100 vielmoi
2408 5425 207 21 ...
2683 5383 279 58 awer
3021 5345 162 96 ich
3241 5341 205 96 hab
3500 5345 266 92 noch

675 5458 275 100 kenn
1020 5462 346 100 rechts
1437 5466 513 121 Zütröuje.
