<alto xmlns="http://www.loc.gov/standards/alto/ns-v3#" xmlns:xlink="http://www.w3.org/1999/xlink" xmlns:xsi="http://www.w3.org/2001/XMLSchema-instance" xmlns:xs="http://www.w3.org/2001/XMLSchema" xsi:schemaLocation="http://www.loc.gov/standards/alto/ns-v4# https://www.loc.gov/standards/alto/v4/alto.xsd">
  <Description>
    <MeasurementUnit>pixel</MeasurementUnit>
    <sourceImageInformation>
      <fileName/>
    </sourceImageInformation>
    <OCRProcessing ID="IdOcr">
      <ocrProcessingStep>
        <processingSoftware>
          <softwareName>tesseract 4.0.0-beta.3</softwareName>
        </processingSoftware>
      </ocrProcessingStep>
    </OCRProcessing>
  </Description>
  <Styles><TextStyle ID="font0" FONTSIZE="138.0" FONTFAMILY="jbnolc+helvetica-bold" FONTTYPE="sans-serif" FONTWIDTH="proportional" FONTCOLOR="#WWWWff" FONTSTYLE="bold"/><TextStyle ID="font1" FONTSIZE="111.0" FONTFAMILY="jbnolc+helvetica-bold" FONTTYPE="sans-serif" FONTWIDTH="proportional" FONTCOLOR="#WWWWff" FONTSTYLE="bold"/><TextStyle ID="font2" FONTSIZE="121.0" FONTFAMILY="jbnolc+helvetica-bold" FONTTYPE="sans-serif" FONTWIDTH="proportional" FONTCOLOR="#WWWWff" FONTSTYLE="bold"/><TextStyle ID="font3" FONTSIZE="114.0" FONTFAMILY="jbnolc+helvetica-bold" FONTTYPE="sans-serif" FONTWIDTH="proportional" FONTCOLOR="#WWWWff" FONTSTYLE="bold"/><TextStyle ID="font4" FONTSIZE="110.0" FONTFAMILY="jbnolc+helvetica-bold" FONTTYPE="sans-serif" FONTWIDTH="proportional" FONTCOLOR="#WWWWff" FONTSTYLE="bold"/><TextStyle ID="font5" FONTSIZE="112.0" FONTFAMILY="jbnolc+helvetica-bold" FONTTYPE="sans-serif" FONTWIDTH="proportional" FONTCOLOR="#WWWWff" FONTSTYLE="bold"/><TextStyle ID="font6" FONTSIZE="108.17773" FONTFAMILY="jbnolc+helvetica-bold" FONTTYPE="sans-serif" FONTWIDTH="proportional" FONTCOLOR="#WWWWff" FONTSTYLE="bold"/><TextStyle ID="font7" FONTSIZE="119.0" FONTFAMILY="jbnolc+helvetica-bold" FONTTYPE="sans-serif" FONTWIDTH="proportional" FONTCOLOR="#WWWWff" FONTSTYLE="bold"/><TextStyle ID="font8" FONTSIZE="119.49701" FONTFAMILY="jbnolc+helvetica-bold" FONTTYPE="sans-serif" FONTWIDTH="proportional" FONTCOLOR="#WWWWff" FONTSTYLE="bold"/><TextStyle ID="font9" FONTSIZE="114.49942" FONTFAMILY="jbnolc+helvetica-bold" FONTTYPE="sans-serif" FONTWIDTH="proportional" FONTCOLOR="#WWWWff" FONTSTYLE="bold"/><TextStyle ID="font10" FONTSIZE="120.0" FONTFAMILY="jbnolc+helvetica-bold" FONTTYPE="sans-serif" FONTWIDTH="proportional" FONTCOLOR="#WWWWff" FONTSTYLE="bold"/><TextStyle ID="font11" FONTSIZE="114.83562" FONTFAMILY="jbnolc+helvetica-bold" FONTTYPE="sans-serif" FONTWIDTH="proportional" FONTCOLOR="#WWWWff" FONTSTYLE="bold"/><TextStyle ID="font12" FONTSIZE="115.49942" FONTFAMILY="jbnolc+helvetica-bold" FONTTYPE="sans-serif" FONTWIDTH="proportional" FONTCOLOR="#WWWWff" FONTSTYLE="bold"/><TextStyle ID="font13" FONTSIZE="124.0" FONTFAMILY="jbnolc+helvetica-bold" FONTTYPE="sans-serif" FONTWIDTH="proportional" FONTCOLOR="#WWWWff" FONTSTYLE="bold"/><TextStyle ID="font14" FONTSIZE="120.47159" FONTFAMILY="jbnolc+helvetica-bold" FONTTYPE="sans-serif" FONTWIDTH="proportional" FONTCOLOR="#WWWWff" FONTSTYLE="bold"/><TextStyle ID="font15" FONTSIZE="122.0" FONTFAMILY="jbnolc+helvetica-bold" FONTTYPE="sans-serif" FONTWIDTH="proportional" FONTCOLOR="#WWWWff" FONTSTYLE="bold"/><TextStyle ID="font16" FONTSIZE="123.0" FONTFAMILY="jbnolc+helvetica-bold" FONTTYPE="sans-serif" FONTWIDTH="proportional" FONTCOLOR="#WWWWff" FONTSTYLE="bold"/><TextStyle ID="font17" FONTSIZE="116.0" FONTFAMILY="jbnolc+helvetica-bold" FONTTYPE="sans-serif" FONTWIDTH="proportional" FONTCOLOR="#WWWWff" FONTSTYLE="bold"/><TextStyle ID="font18" FONTSIZE="116.9009" FONTFAMILY="jbnolc+helvetica-bold" FONTTYPE="sans-serif" FONTWIDTH="proportional" FONTCOLOR="#WWWWff" FONTSTYLE="bold"/><TextStyle ID="font19" FONTSIZE="117.0" FONTFAMILY="jbnolc+helvetica-bold" FONTTYPE="sans-serif" FONTWIDTH="proportional" FONTCOLOR="#WWWWff" FONTSTYLE="bold"/><TextStyle ID="font20" FONTSIZE="109.0" FONTFAMILY="jbnolc+helvetica-bold" FONTTYPE="sans-serif" FONTWIDTH="proportional" FONTCOLOR="#WWWWff" FONTSTYLE="bold"/><TextStyle ID="font21" FONTSIZE="115.0" FONTFAMILY="jbnolc+helvetica-bold" FONTTYPE="sans-serif" FONTWIDTH="proportional" FONTCOLOR="#WWWWff" FONTSTYLE="bold"/><TextStyle ID="font22" FONTSIZE="112.65487" FONTFAMILY="jbnolc+helvetica-bold" FONTTYPE="sans-serif" FONTWIDTH="proportional" FONTCOLOR="#WWWWff" FONTSTYLE="bold"/><TextStyle ID="font23" FONTSIZE="111.07607" FONTFAMILY="jbnolc+helvetica-bold" FONTTYPE="sans-serif" FONTWIDTH="proportional" FONTCOLOR="#WWWWff" FONTSTYLE="bold"/><TextStyle ID="font24" FONTSIZE="109.38461" FONTFAMILY="jbnolc+helvetica-bold" FONTTYPE="sans-serif" FONTWIDTH="proportional" FONTCOLOR="#WWWWff" FONTSTYLE="bold"/><TextStyle ID="font25" FONTSIZE="114.76785" FONTFAMILY="jbnolc+helvetica-bold" FONTTYPE="sans-serif" FONTWIDTH="proportional" FONTCOLOR="#WWWWff" FONTSTYLE="bold"/></Styles><Layout>
    <Page ID="page_1" PHYSICAL_IMG_NR="1" HEIGHT="1" WIDTH="1">
      <PrintSpace HEIGHT="1" WIDTH="1" VPOS="0" HPOS="0">
        <ComposedBlock ID="carea_1_1" HEIGHT="99" WIDTH="692" VPOS="356" HPOS="1986">
          <TextBlock ID="par_1_1" HEIGHT="99" WIDTH="692" VPOS="356" HPOS="1986">
            <TextLine ID="line_1_1" HEIGHT="2019" WIDTH="NaN" VPOS="-33" HPOS="0.003">
              <String ID="word_1_1" CONTENT="- 40 -" HEIGHT="99" WIDTH="692" VPOS="356" HPOS="1986" WC="0.22" STYLEREFS="font0"/>
            </TextLine>
          </TextBlock>
        </ComposedBlock>
        <ComposedBlock ID="carea_1_2" HEIGHT="244" WIDTH="2999" VPOS="569" HPOS="821">
          <TextBlock ID="par_1_2" HEIGHT="244" WIDTH="2999" VPOS="569" HPOS="821">
            <TextLine ID="line_1_2" HEIGHT="1104" WIDTH="NaN" VPOS="-27" HPOS="0.007">
              <String ID="word_1_2" CONTENT="Madame" HEIGHT="96" WIDTH="472" VPOS="569" HPOS="1077" WC="0.92" STYLE="bold" STYLEREFS="font1"/>
              <String ID="word_1_3" CONTENT="Schmidt:" HEIGHT="97" WIDTH="488" VPOS="571" HPOS="1628" WC="0.91" STYLE="bold" STYLEREFS="font1"/>
              <String ID="word_1_4" CONTENT="So" HEIGHT="96" WIDTH="134" VPOS="577" HPOS="2269" WC="0.79" STYLEREFS="font1"/>
              <String ID="word_1_5" CONTENT="also," HEIGHT="110" WIDTH="242" VPOS="580" HPOS="2486" WC="0.89" STYLEREFS="font1"/>
              <String ID="word_1_6" CONTENT="do" HEIGHT="96" WIDTH="125" VPOS="580" HPOS="2816" WC="0.92" STYLEREFS="font1"/>
              <String ID="word_1_7" CONTENT="h&#228;tte" HEIGHT="98" WIDTH="280" VPOS="582" HPOS="3027" WC="0.91" STYLEREFS="font1"/>
              <String ID="word_1_8" CONTENT="m'r" HEIGHT="96" WIDTH="180" VPOS="587" HPOS="3390" WC="0.9" STYLEREFS="font1"/>
              <String ID="word_1_9" CONTENT="Sie" HEIGHT="96" WIDTH="168" VPOS="589" HPOS="3652" WC="0.9" STYLEREFS="font1"/>
            </TextLine>
            <TextLine ID="line_1_3" HEIGHT="845" WIDTH="NaN" VPOS="-24" HPOS="0.008">
              <String ID="word_1_10" CONTENT="jetzt!" HEIGHT="114" WIDTH="281" VPOS="699" HPOS="821" WC="0.92" STYLEREFS="font2"/>
              <String ID="word_1_11" CONTENT="Noch" HEIGHT="98" WIDTH="288" VPOS="696" HPOS="1155" WC="0.91" STYLEREFS="font2"/>
              <String ID="word_1_12" CONTENT="sechs" HEIGHT="97" WIDTH="291" VPOS="699" HPOS="1493" WC="0.89" STYLEREFS="font2"/>
              <String ID="word_1_13" CONTENT="Monet" HEIGHT="95" WIDTH="359" VPOS="701" HPOS="1830" WC="0.92" STYLEREFS="font2"/>
              <String ID="word_1_14" CONTENT="find" HEIGHT="96" WIDTH="211" VPOS="702" HPOS="2239" WC="0.92" STYLEREFS="font2"/>
              <String ID="word_1_15" CONTENT="m'r" HEIGHT="92" WIDTH="179" VPOS="706" HPOS="2497" WC="0.71" STYLEREFS="font2"/>
              <String ID="word_1_16" CONTENT="Sie" HEIGHT="95" WIDTH="164" VPOS="708" HPOS="2729" WC="0.9" STYLEREFS="font2"/>
              <String ID="word_1_17" CONTENT="endlich" HEIGHT="96" WIDTH="395" VPOS="710" HPOS="2951" WC="0.25" STYLEREFS="font2"/>
              <String ID="word_1_18" CONTENT="widder!" HEIGHT="99" WIDTH="426" VPOS="713" HPOS="3393" WC="0.92" STYLEREFS="font2"/>
            </TextLine>
          </TextBlock>
        </ComposedBlock>
        <ComposedBlock ID="carea_1_3" HEIGHT="136" WIDTH="1908" VPOS="864" HPOS="1072">
          <TextBlock ID="par_1_3" HEIGHT="136" WIDTH="1908" VPOS="864" HPOS="1072">
            <TextLine ID="line_1_4" HEIGHT="1094" WIDTH="NaN" VPOS="-21" HPOS="0.006">
              <String ID="word_1_19" CONTENT="Jules:" HEIGHT="97" WIDTH="326" VPOS="864" HPOS="1073" WC="0.84" STYLE="bold" STYLEREFS="font3"/>
              <String ID="word_1_20" CONTENT="Awer," HEIGHT="111" WIDTH="338" VPOS="868" HPOS="1461" WC="0.38" STYLEREFS="font3"/>
              <String ID="word_1_21" CONTENT="Madame" HEIGHT="99" WIDTH="472" VPOS="867" HPOS="1861" WC="0.9" STYLEREFS="font3"/>
              <String ID="word_1_22" CONTENT="..." HEIGHT="26" WIDTH="205" VPOS="948" HPOS="2408" WC="0.8" STYLEREFS="font3"/>
            </TextLine>
          </TextBlock>
        </ComposedBlock>
        <ComposedBlock ID="carea_1_4" HEIGHT="128" WIDTH="1909" VPOS="1019" HPOS="1072">
          <TextBlock ID="par_1_4" HEIGHT="128" WIDTH="1909" VPOS="1019" HPOS="1072">
            <TextLine ID="line_1_5" HEIGHT="1091" WIDTH="NaN" VPOS="-19" HPOS="0.003">
              <String ID="word_1_23" CONTENT="Madame" HEIGHT="96" WIDTH="475" VPOS="1033" HPOS="1072" WC="0.92" STYLE="bold" STYLEREFS="font4"/>
              <String ID="word_1_24" CONTENT="Schmidt:" HEIGHT="99" WIDTH="488" VPOS="1033" HPOS="1605" WC="0.88" STYLE="bold" STYLEREFS="font4"/>
              <String ID="word_1_25" CONTENT="„Taisez-vous!“" HEIGHT="108" WIDTH="828" VPOS="1039" HPOS="2153" WC="0.7" STYLEREFS="font4"/>
            </TextLine>
          </TextBlock>
        </ComposedBlock>
        <ComposedBlock ID="carea_1_5" HEIGHT="221" WIDTH="2991" VPOS="1200" HPOS="822">
          <TextBlock ID="par_1_5" HEIGHT="221" WIDTH="2991" VPOS="1200" HPOS="822">
            <TextLine ID="line_1_6" HEIGHT="1111" WIDTH="NaN" VPOS="-41" HPOS="0.007">
              <String ID="word_1_26" CONTENT="Jules" HEIGHT="95" WIDTH="291" VPOS="1200" HPOS="1070" WC="0.91" STYLE="bold" STYLEREFS="font5"/>
              <String ID="word_1_27" CONTENT="(f&#252;r" HEIGHT="117" WIDTH="192" VPOS="1204" HPOS="1420" WC="0.92" STYLEREFS="font5"/>
              <String ID="word_1_28" CONTENT="sich):" HEIGHT="117" WIDTH="287" VPOS="1205" HPOS="1666" WC="0.8" STYLEREFS="font5"/>
              <String ID="word_1_29" CONTENT="„Mon" HEIGHT="108" WIDTH="301" VPOS="1208" HPOS="2019" WC="0.82" STYLEREFS="font5"/>
              <String ID="word_1_30" CONTENT="Dieu“," HEIGHT="98" WIDTH="318" VPOS="1208" HPOS="2373" WC="0.54" STYLEREFS="font5"/>
              <String ID="word_1_31" CONTENT="," HEIGHT="75" WIDTH="35" VPOS="1283" HPOS="2704" WC="0.74" STYLEREFS="font5"/>
              <String ID="word_1_32" CONTENT="wenn" HEIGHT="61" WIDTH="295" VPOS="1249" HPOS="2774" WC="0.91" STYLEREFS="font5"/>
              <String ID="word_1_33" CONTENT="d'r" HEIGHT="95" WIDTH="142" VPOS="1214" HPOS="3128" WC="0.83" STYLEREFS="font5"/>
              <String ID="word_1_34" CONTENT="„patron“" HEIGHT="116" WIDTH="484" VPOS="1220" HPOS="3329" WC="0.49" STYLEREFS="font5"/>
            </TextLine>
            <TextLine ID="line_1_7" HEIGHT="825" WIDTH="NaN" VPOS="-3" HPOS="0.013">
              <String ID="word_1_35" CONTENT="k&#228;mt!" HEIGHT="96" WIDTH="318" VPOS="1325" HPOS="822" WC="0.48" STYLEREFS="font6"/>
            </TextLine>
          </TextBlock>
        </ComposedBlock>
        <ComposedBlock ID="carea_1_6" HEIGHT="225" WIDTH="2990" VPOS="1491" HPOS="822">
          <TextBlock ID="par_1_6" HEIGHT="225" WIDTH="2990" VPOS="1491" HPOS="822">
            <TextLine ID="line_1_8" HEIGHT="1098.088" WIDTH="NaN" VPOS="-36.088" HPOS="0.007">
              <String ID="word_1_36" CONTENT="Madame" HEIGHT="98" WIDTH="487" VPOS="1491" HPOS="1062" WC="0.89" STYLE="bold" STYLEREFS="font7"/>
              <String ID="word_1_37" CONTENT="Schmidt:" HEIGHT="95" WIDTH="488" VPOS="1496" HPOS="1608" WC="0.77" STYLE="bold" STYLEREFS="font7"/>
              <String ID="word_1_38" CONTENT="Ze" HEIGHT="96" WIDTH="133" VPOS="1501" HPOS="2162" WC="0.76" STYLEREFS="font7"/>
              <String ID="word_1_39" CONTENT="saaue," HEIGHT="74" WIDTH="338" VPOS="1538" HPOS="2366" WC="0.91" STYLEREFS="font7"/>
              <String ID="word_1_40" CONTENT="m'r" HEIGHT="95" WIDTH="179" VPOS="1505" HPOS="2766" WC="0.41" STYLEREFS="font7"/>
              <String ID="word_1_41" CONTENT="geht" HEIGHT="116" WIDTH="233" VPOS="1508" HPOS="3008" WC="0.91" STYLEREFS="font7"/>
              <String ID="word_1_42" CONTENT="uff" HEIGHT="92" WIDTH="143" VPOS="1511" HPOS="3308" WC="0.91" STYLEREFS="font7"/>
              <String ID="word_1_43" CONTENT="Ame-" HEIGHT="95" WIDTH="304" VPOS="1512" HPOS="3508" WC="0.9" STYLEREFS="font7"/>
            </TextLine>
            <TextLine ID="line_1_9" HEIGHT="825" WIDTH="NaN" VPOS="-3" HPOS="0.015">
              <String ID="word_1_44" CONTENT="rika!" HEIGHT="97" WIDTH="264" VPOS="1619" HPOS="822" WC="0.86" STYLEREFS="font8"/>
            </TextLine>
          </TextBlock>
        </ComposedBlock>
        <ComposedBlock ID="carea_1_7" HEIGHT="145" WIDTH="2736" VPOS="1788" HPOS="1071">
          <TextBlock ID="par_1_7" HEIGHT="117" WIDTH="1293" VPOS="1788" HPOS="1075">
            <TextLine ID="line_1_10" HEIGHT="1085" WIDTH="NaN" VPOS="-10" HPOS="0.008">
              <String ID="word_1_45" CONTENT="Jules:" HEIGHT="94" WIDTH="326" VPOS="1788" HPOS="1075" WC="0.91" STYLE="bold" STYLEREFS="font9"/>
              <String ID="word_1_46" CONTENT="Ich" HEIGHT="97" WIDTH="171" VPOS="1788" HPOS="1470" WC="0.89" STYLEREFS="font9"/>
              <String ID="word_1_47" CONTENT="bin" HEIGHT="91" WIDTH="174" VPOS="1795" HPOS="1705" WC="0.91" STYLEREFS="font9"/>
              <String ID="word_1_48" CONTENT="au" HEIGHT="61" WIDTH="121" VPOS="1828" HPOS="1950" WC="0.92" STYLEREFS="font9"/>
              <String ID="word_1_49" CONTENT="..." HEIGHT="34" WIDTH="214" VPOS="1871" HPOS="2154" WC="0.96" STYLEREFS="font9"/>
            </TextLine>
          </TextBlock>
        </ComposedBlock>
        <ComposedBlock ID="carea_1_8" HEIGHT="170" WIDTH="2735" VPOS="1925" HPOS="1071">
          <TextBlock ID="par_1_8" HEIGHT="114" WIDTH="1929" VPOS="1950" HPOS="1074">
            <TextLine ID="line_1_11" HEIGHT="1101" WIDTH="NaN" VPOS="-27" HPOS="0.009">
              <String ID="word_1_50" CONTENT="Madame" HEIGHT="99" WIDTH="474" VPOS="1950" HPOS="1074" WC="0.91" STYLE="bold" STYLEREFS="font10"/>
              <String ID="word_1_51" CONTENT="Schmidt:" HEIGHT="98" WIDTH="484" VPOS="1956" HPOS="1615" WC="0.92" STYLE="bold" STYLEREFS="font10"/>
              <String ID="word_1_52" CONTENT="„Taisez-vous!“" HEIGHT="101" WIDTH="767" VPOS="1963" HPOS="2236" WC="0.49" STYLEREFS="font10"/>
            </TextLine>
          </TextBlock>
        </ComposedBlock>
        <ComposedBlock ID="carea_1_9" HEIGHT="148" WIDTH="2735" VPOS="2121" HPOS="1073">
          <TextBlock ID="par_1_9" HEIGHT="148" WIDTH="2735" VPOS="2121" HPOS="1073">
            <TextLine ID="line_1_12" HEIGHT="1099" WIDTH="NaN" VPOS="-24" HPOS="0.009">
              <String ID="word_1_53" CONTENT="Susanne:" HEIGHT="97" WIDTH="492" VPOS="2121" HPOS="1075" WC="0.76" STYLE="bold" STYLEREFS="font11"/>
              <String ID="word_1_54" CONTENT="Un" HEIGHT="97" WIDTH="158" VPOS="2124" HPOS="1634" WC="0.93" STYLEREFS="font11"/>
              <String ID="word_1_55" CONTENT="no" HEIGHT="60" WIDTH="126" VPOS="2163" HPOS="1854" WC="0.92" STYLEREFS="font11"/>
              <String ID="word_1_56" CONTENT="nix" HEIGHT="85" WIDTH="167" VPOS="2137" HPOS="2046" WC="0.92" STYLEREFS="font11"/>
              <String ID="word_1_57" CONTENT="meh" HEIGHT="89" WIDTH="225" VPOS="2137" HPOS="2283" WC="0.93" STYLEREFS="font11"/>
              <String ID="word_1_58" CONTENT="vun" HEIGHT="60" WIDTH="200" VPOS="2169" HPOS="2575" WC="0.92" STYLEREFS="font11"/>
              <String ID="word_1_59" CONTENT="sich" HEIGHT="96" WIDTH="212" VPOS="2136" HPOS="2842" WC="0.89" STYLEREFS="font11"/>
              <String ID="word_1_60" CONTENT="h&#246;re" HEIGHT="93" WIDTH="242" VPOS="2138" HPOS="3117" WC="0.91" STYLEREFS="font11"/>
              <String ID="word_1_61" CONTENT="ze" HEIGHT="55" WIDTH="113" VPOS="2178" HPOS="3430" WC="0.91" STYLEREFS="font11"/>
              <String ID="word_1_62" CONTENT="lon." HEIGHT="94" WIDTH="196" VPOS="2143" HPOS="3612" WC="0.91" STYLEREFS="font11"/>
            </TextLine>
          </TextBlock>
        </ComposedBlock>
        <ComposedBlock ID="carea_1_10" HEIGHT="119" WIDTH="2734" VPOS="2288" HPOS="1073">
          <TextBlock ID="par_1_10" HEIGHT="119" WIDTH="2734" VPOS="2288" HPOS="1073">
            <TextLine ID="line_1_13" HEIGHT="1081" WIDTH="NaN" VPOS="-8" HPOS="0.006">
              <String ID="word_1_63" CONTENT="Jules:" HEIGHT="99" WIDTH="322" VPOS="2288" HPOS="1073" WC="0.92" STYLE="bold" STYLEREFS="font12"/>
              <String ID="word_1_64" CONTENT="&#8217;s" HEIGHT="96" WIDTH="74" VPOS="2293" HPOS="1474" WC="0.91" STYLEREFS="font12"/>
              <String ID="word_1_65" CONTENT="isch" HEIGHT="96" WIDTH="216" VPOS="2296" HPOS="1619" WC="0.92" STYLEREFS="font12"/>
              <String ID="word_1_66" CONTENT="..." HEIGHT="34" WIDTH="227" VPOS="2373" HPOS="1895" WC="0.88" STYLEREFS="font12"/>
            </TextLine>
          </TextBlock>
        </ComposedBlock>
        <ComposedBlock ID="carea_1_11" HEIGHT="179" WIDTH="2988" VPOS="2454" HPOS="822">
          <TextBlock ID="par_1_11" HEIGHT="112" WIDTH="1901" VPOS="2454" HPOS="1071">
            <TextLine ID="line_1_14" HEIGHT="1100" WIDTH="NaN" VPOS="-29" HPOS="0.008">
              <String ID="word_1_67" CONTENT="Madame" HEIGHT="97" WIDTH="472" VPOS="2456" HPOS="1071" WC="0.91" STYLE="bold" STYLEREFS="font13"/>
              <String ID="word_1_68" CONTENT="Schmidt:" HEIGHT="103" WIDTH="487" VPOS="2454" HPOS="1597" WC="0.91" STYLE="bold" STYLEREFS="font13"/>
              <String ID="word_1_69" CONTENT="„Taisez-vous!“" HEIGHT="99" WIDTH="763" VPOS="2467" HPOS="2209" WC="0.47" STYLEREFS="font13"/>
            </TextLine>
          </TextBlock>
        </ComposedBlock>
        <ComposedBlock ID="carea_1_12" HEIGHT="221" WIDTH="2989" VPOS="2625" HPOS="822">
          <TextBlock ID="par_1_12" HEIGHT="221" WIDTH="2989" VPOS="2625" HPOS="822">
            <TextLine ID="line_1_15" HEIGHT="1106" WIDTH="NaN" VPOS="-37" HPOS="0.007">
              <String ID="word_1_70" CONTENT="Susanne" HEIGHT="96" WIDTH="458" VPOS="2625" HPOS="1069" WC="0.91" STYLE="bold" STYLEREFS="font7"/>
              <String ID="word_1_71" CONTENT="(zu" HEIGHT="113" WIDTH="154" VPOS="2631" HPOS="1590" WC="0.92" STYLEREFS="font7"/>
              <String ID="word_1_72" CONTENT="Madame" HEIGHT="99" WIDTH="471" VPOS="2630" HPOS="1802" WC="0.91" STYLEREFS="font7"/>
              <String ID="word_1_73" CONTENT="Schmidt):" HEIGHT="122" WIDTH="522" VPOS="2632" HPOS="2331" WC="0.76" STYLEREFS="font7"/>
              <String ID="word_1_74" CONTENT="Ze" HEIGHT="94" WIDTH="130" VPOS="2639" HPOS="2919" WC="0.92" STYLEREFS="font7"/>
              <String ID="word_1_75" CONTENT="loss" HEIGHT="94" WIDTH="205" VPOS="2641" HPOS="3106" WC="0.82" STYLEREFS="font7"/>
              <String ID="word_1_76" CONTENT="ne" HEIGHT="59" WIDTH="125" VPOS="2678" HPOS="3369" WC="0.9" STYLEREFS="font7"/>
              <String ID="word_1_77" CONTENT="doch" HEIGHT="96" WIDTH="259" VPOS="2644" HPOS="3552" WC="0.91" STYLEREFS="font7"/>
            </TextLine>
            <TextLine ID="line_1_16" HEIGHT="825" WIDTH="NaN" VPOS="-3" HPOS="0.009">
              <String ID="word_1_78" CONTENT="redde!" HEIGHT="98" WIDTH="351" VPOS="2748" HPOS="822" WC="0.91" STYLEREFS="font14"/>
            </TextLine>
          </TextBlock>
        </ComposedBlock>
        <ComposedBlock ID="carea_1_13" HEIGHT="1365" WIDTH="3035" VPOS="2917" HPOS="815">
          <TextBlock ID="par_1_13" HEIGHT="1365" WIDTH="3035" VPOS="2917" HPOS="815">
            <TextLine ID="line_1_17" HEIGHT="1107" WIDTH="NaN" VPOS="-37" HPOS="0.008">
              <String ID="word_1_79" CONTENT="Madame" HEIGHT="97" WIDTH="474" VPOS="2917" HPOS="1070" WC="0.91" STYLE="bold" STYLEREFS="font7"/>
              <String ID="word_1_80" CONTENT="Schmidt" HEIGHT="98" WIDTH="450" VPOS="2921" HPOS="1632" WC="0.92" STYLE="bold" STYLEREFS="font7"/>
              <String ID="word_1_81" CONTENT="(zu" HEIGHT="112" WIDTH="154" VPOS="2930" HPOS="2182" WC="0.92" STYLEREFS="font7"/>
              <String ID="word_1_82" CONTENT="Susanne):" HEIGHT="118" WIDTH="526" VPOS="2929" HPOS="2427" WC="0.35" STYLEREFS="font7"/>
              <String ID="word_1_83" CONTENT="„Tais-toi!" HEIGHT="107" WIDTH="527" VPOS="2934" HPOS="3065" WC="0.84" STYLEREFS="font7"/>
              <String ID="word_1_84" CONTENT="-" HEIGHT="9" WIDTH="121" VPOS="2998" HPOS="3686" WC="0.95" STYLEREFS="font7"/>
            </TextLine>
            <TextLine ID="line_1_18" HEIGHT="865" WIDTH="NaN" VPOS="-39" HPOS="0.006">
              <String ID="word_1_85" CONTENT="(Drohend" HEIGHT="117" WIDTH="513" VPOS="3043" HPOS="826" WC="0.75" STYLEREFS="font15"/>
              <String ID="word_1_86" CONTENT="auf" HEIGHT="96" WIDTH="167" VPOS="3047" HPOS="1385" WC="0.88" STYLEREFS="font15"/>
              <String ID="word_1_87" CONTENT="Jules" HEIGHT="98" WIDTH="279" VPOS="3049" HPOS="1601" WC="0.88" STYLEREFS="font15"/>
              <String ID="word_1_88" CONTENT="zu)" HEIGHT="117" WIDTH="159" VPOS="3054" HPOS="1930" WC="0.92" STYLEREFS="font15"/>
              <String ID="word_1_89" CONTENT="Diss" HEIGHT="95" WIDTH="229" VPOS="3054" HPOS="2143" WC="0.93" STYLEREFS="font15"/>
              <String ID="word_1_90" CONTENT="D&#252;r" HEIGHT="97" WIDTH="205" VPOS="3054" HPOS="2422" WC="0.92" STYLEREFS="font15"/>
              <String ID="word_1_91" CONTENT="gehn" HEIGHT="116" WIDTH="256" VPOS="3058" HPOS="2675" WC="0.92" STYLEREFS="font15"/>
              <String ID="word_1_92" CONTENT="Sie" HEIGHT="96" WIDTH="162" VPOS="3057" HPOS="2985" WC="0.9" STYLEREFS="font15"/>
              <String ID="word_1_93" CONTENT="uns" HEIGHT="60" WIDTH="180" VPOS="3096" HPOS="3201" WC="0.9" STYLEREFS="font15"/>
              <String ID="word_1_94" CONTENT="awwer" HEIGHT="59" WIDTH="371" VPOS="3098" HPOS="3439" WC="0.92" STYLEREFS="font15"/>
            </TextLine>
            <TextLine ID="line_1_19" HEIGHT="869" WIDTH="NaN" VPOS="-45" HPOS="0.006">
              <String ID="word_1_95" CONTENT="nimmi" HEIGHT="63" WIDTH="335" VPOS="3201" HPOS="824" WC="0.85" STYLEREFS="font2"/>
              <String ID="word_1_96" CONTENT="durich!" HEIGHT="97" WIDTH="385" VPOS="3172" HPOS="1224" WC="0.92" STYLEREFS="font2"/>
              <String ID="word_1_97" CONTENT="(Fur" HEIGHT="117" WIDTH="226" VPOS="3174" HPOS="1683" WC="0.82" STYLEREFS="font2"/>
              <String ID="word_1_98" CONTENT="sich)" HEIGHT="114" WIDTH="246" VPOS="3179" HPOS="1971" WC="0.91" STYLEREFS="font2"/>
              <String ID="word_1_99" CONTENT="Im" HEIGHT="95" WIDTH="137" VPOS="3178" HPOS="2284" WC="0.92" STYLEREFS="font2"/>
              <String ID="word_1_100" CONTENT="Susanne" HEIGHT="96" WIDTH="454" VPOS="3180" HPOS="2484" WC="0.91" STYLEREFS="font2"/>
              <String ID="word_1_101" CONTENT="soll&#8217;s" HEIGHT="94" WIDTH="270" VPOS="3184" HPOS="3005" WC="0.73" STYLEREFS="font2"/>
              <String ID="word_1_102" CONTENT="nit" HEIGHT="87" WIDTH="146" VPOS="3192" HPOS="3342" WC="0.91" STYLEREFS="font2"/>
              <String ID="word_1_103" CONTENT="gehn" HEIGHT="120" WIDTH="296" VPOS="3185" HPOS="3554" WC="0.88" STYLEREFS="font2"/>
            </TextLine>
            <TextLine ID="line_1_20" HEIGHT="899" WIDTH="NaN" VPOS="-75" HPOS="0.006">
              <String ID="word_1_104" CONTENT="wie" HEIGHT="89" WIDTH="195" VPOS="3298" HPOS="824" WC="0.9" STYLEREFS="font16"/>
              <String ID="word_1_105" CONTENT="&#8216;s" HEIGHT="97" WIDTH="69" VPOS="3292" HPOS="1108" WC="0.93" STYLEREFS="font16"/>
              <String ID="word_1_106" CONTENT="mir" HEIGHT="88" WIDTH="183" VPOS="3303" HPOS="1261" WC="0.91" STYLEREFS="font16"/>
              <String ID="word_1_107" CONTENT="in" HEIGHT="85" WIDTH="100" VPOS="3305" HPOS="1527" WC="0.92" STYLEREFS="font16"/>
              <String ID="word_1_108" CONTENT="mine" HEIGHT="89" WIDTH="262" VPOS="3305" HPOS="1711" WC="0.92" STYLEREFS="font16"/>
              <String ID="word_1_109" CONTENT="junge" HEIGHT="152" WIDTH="292" VPOS="3308" HPOS="2053" WC="0.92" STYLEREFS="font16"/>
              <String ID="word_1_110" CONTENT="Johre" HEIGHT="95" WIDTH="312" VPOS="3304" HPOS="2432" WC="0.9" STYLEREFS="font16"/>
              <String ID="word_1_111" CONTENT="gange-n-isch," HEIGHT="117" WIDTH="725" VPOS="3308" HPOS="2832" WC="0.91" STYLEREFS="font16"/>
              <String ID="word_1_112" CONTENT="wo" HEIGHT="58" WIDTH="162" VPOS="3348" HPOS="3645" WC="0.92" STYLEREFS="font16"/>
            </TextLine>
            <TextLine ID="line_1_21" HEIGHT="858" WIDTH="NaN" VPOS="-36" HPOS="0.006">
              <String ID="word_1_113" CONTENT="mir" HEIGHT="89" WIDTH="184" VPOS="3423" HPOS="822" WC="0.96" STYLEREFS="font17"/>
              <String ID="word_1_114" CONTENT="in" HEIGHT="85" WIDTH="100" VPOS="3429" HPOS="1089" WC="0.92" STYLEREFS="font17"/>
              <String ID="word_1_115" CONTENT="Paris" HEIGHT="95" WIDTH="280" VPOS="3423" HPOS="1271" WC="0.92" STYLEREFS="font17"/>
              <String ID="word_1_116" CONTENT="e" HEIGHT="58" WIDTH="53" VPOS="3461" HPOS="1639" WC="0.93" STYLEREFS="font17"/>
              <String ID="word_1_117" CONTENT="Moler" HEIGHT="97" WIDTH="331" VPOS="3424" HPOS="1775" WC="0.9" STYLEREFS="font17"/>
              <String ID="word_1_118" CONTENT="d'" HEIGHT="95" WIDTH="89" VPOS="3427" HPOS="2197" WC="0.67" STYLEREFS="font17"/>
              <String ID="word_1_119" CONTENT="Hieroth" HEIGHT="99" WIDTH="428" VPOS="3425" HPOS="2373" WC="0.91" STYLEREFS="font17"/>
              <String ID="word_1_120" CONTENT="versproche" HEIGHT="110" WIDTH="617" VPOS="3436" HPOS="2885" WC="0.91" STYLEREFS="font17"/>
              <String ID="word_1_121" CONTENT="hett" HEIGHT="96" WIDTH="218" VPOS="3434" HPOS="3588" WC="0.91" STYLEREFS="font17"/>
            </TextLine>
            <TextLine ID="line_1_22" HEIGHT="837" WIDTH="NaN" VPOS="-16" HPOS="0.005">
              <String ID="word_1_122" CONTENT="un" HEIGHT="61" WIDTH="133" VPOS="3577" HPOS="821" WC="0.93" STYLEREFS="font18"/>
              <String ID="word_1_123" CONTENT="am" HEIGHT="56" WIDTH="154" VPOS="3583" HPOS="1016" WC="0.91" STYLEREFS="font18"/>
              <String ID="word_1_124" CONTENT="e" HEIGHT="59" WIDTH="51" VPOS="3581" HPOS="1233" WC="0.93" STYLEREFS="font18"/>
              <String ID="word_1_125" CONTENT="schoene" HEIGHT="94" WIDTH="438" VPOS="3550" HPOS="1345" WC="0.89" STYLEREFS="font18"/>
              <String ID="word_1_126" CONTENT="Daa" HEIGHT="94" WIDTH="217" VPOS="3551" HPOS="1845" WC="0.89" STYLEREFS="font18"/>
              <String ID="word_1_127" CONTENT="heimlich" HEIGHT="96" WIDTH="467" VPOS="3551" HPOS="2124" WC="0.91" STYLEREFS="font18"/>
              <String ID="word_1_128" CONTENT="verschwunde-n-isch!" HEIGHT="98" WIDTH="1150" VPOS="3556" HPOS="2651" WC="0.9" STYLEREFS="font18"/>
            </TextLine>
            <TextLine ID="line_1_23" HEIGHT="845" WIDTH="NaN" VPOS="-30" HPOS="0.004">
              <String ID="word_1_129" CONTENT="&#8212;" HEIGHT="15" WIDTH="128" VPOS="3727" HPOS="815" WC="0.96" STYLEREFS="font5"/>
              <String ID="word_1_130" CONTENT="Un" HEIGHT="96" WIDTH="158" VPOS="3670" HPOS="982" WC="0.95" STYLEREFS="font5"/>
              <String ID="word_1_131" CONTENT="es" HEIGHT="66" WIDTH="123" VPOS="3710" HPOS="1190" WC="0.92" STYLEREFS="font5"/>
              <String ID="word_1_132" CONTENT="soll" HEIGHT="95" WIDTH="279" VPOS="3672" HPOS="1252" WC="0.91" STYLEREFS="font5"/>
              <String ID="word_1_133" CONTENT="ihm" HEIGHT="95" WIDTH="199" VPOS="3673" HPOS="1578" WC="0.75" STYLEREFS="font5"/>
              <String ID="word_1_134" CONTENT="au" HEIGHT="59" WIDTH="125" VPOS="3710" HPOS="1827" WC="0.91" STYLEREFS="font5"/>
              <String ID="word_1_135" CONTENT="nit" HEIGHT="88" WIDTH="149" VPOS="3683" HPOS="1994" WC="0.9" STYLEREFS="font5"/>
              <String ID="word_1_136" CONTENT="gehn," HEIGHT="115" WIDTH="280" VPOS="3678" HPOS="2189" WC="0.92" STYLEREFS="font5"/>
              <String ID="word_1_137" CONTENT="wie" HEIGHT="87" WIDTH="195" VPOS="3686" HPOS="2519" WC="0.92" STYLEREFS="font5"/>
              <String ID="word_1_138" CONTENT="in" HEIGHT="84" WIDTH="99" VPOS="3687" HPOS="2765" WC="0.91" STYLEREFS="font5"/>
              <String ID="word_1_139" CONTENT="minere" HEIGHT="89" WIDTH="380" VPOS="3687" HPOS="2910" WC="0.91" STYLEREFS="font5"/>
              <String ID="word_1_140" CONTENT="Mamme," HEIGHT="113" WIDTH="464" VPOS="3682" HPOS="3339" WC="0.91" STYLEREFS="font5"/>
            </TextLine>
            <TextLine ID="line_1_24" HEIGHT="844" WIDTH="NaN" VPOS="-27" HPOS="0.005">
              <String ID="word_1_141" CONTENT="wie" HEIGHT="88" WIDTH="196" VPOS="3802" HPOS="817" WC="0.92" STYLEREFS="font19"/>
              <String ID="word_1_142" CONTENT="vum" HEIGHT="60" WIDTH="229" VPOS="3830" HPOS="1076" WC="0.91" STYLEREFS="font19"/>
              <String ID="word_1_143" CONTENT="e" HEIGHT="55" WIDTH="54" VPOS="3837" HPOS="1367" WC="0.93" STYLEREFS="font19"/>
              <String ID="word_1_144" CONTENT="Milit&#228;r" HEIGHT="96" WIDTH="383" VPOS="3797" HPOS="1484" WC="0.91" STYLEREFS="font19"/>
              <String ID="word_1_145" CONTENT="ang'schmiert" HEIGHT="115" WIDTH="700" VPOS="3801" HPOS="1930" WC="0.37" STYLEREFS="font19"/>
              <String ID="word_1_146" CONTENT="isch" HEIGHT="95" WIDTH="213" VPOS="3806" HPOS="2692" WC="0.91" STYLEREFS="font19"/>
              <String ID="word_1_147" CONTENT="worre!" HEIGHT="91" WIDTH="367" VPOS="3811" HPOS="2964" WC="0.92" STYLEREFS="font19"/>
              <String ID="word_1_148" CONTENT="&#8212;" HEIGHT="9" WIDTH="125" VPOS="3870" HPOS="3392" WC="0.91" STYLEREFS="font19"/>
              <String ID="word_1_149" CONTENT="Diss" HEIGHT="94" WIDTH="229" VPOS="3809" HPOS="3576" WC="0.91" STYLEREFS="font19"/>
            </TextLine>
            <TextLine ID="line_1_25" HEIGHT="862" WIDTH="NaN" VPOS="-38" HPOS="0.005">
              <String ID="word_1_150" CONTENT="soll" HEIGHT="95" WIDTH="187" VPOS="3920" HPOS="824" WC="0.87" STYLEREFS="font7"/>
              <String ID="word_1_151" CONTENT="nit" HEIGHT="85" WIDTH="145" VPOS="3930" HPOS="1095" WC="0.92" STYLEREFS="font7"/>
              <String ID="word_1_152" CONTENT="e" HEIGHT="54" WIDTH="51" VPOS="3962" HPOS="1332" WC="0.93" STYLEREFS="font7"/>
              <String ID="word_1_153" CONTENT="Tradition" HEIGHT="100" WIDTH="520" VPOS="3922" HPOS="1470" WC="0.9" STYLEREFS="font7"/>
              <String ID="word_1_154" CONTENT="w&#228;re-n-in" HEIGHT="88" WIDTH="542" VPOS="3935" HPOS="2078" WC="0.83" STYLEREFS="font7"/>
              <String ID="word_1_155" CONTENT="d'r" HEIGHT="96" WIDTH="146" VPOS="3930" HPOS="2708" WC="0.82" STYLEREFS="font7"/>
              <String ID="word_1_156" CONTENT="Famili!" HEIGHT="96" WIDTH="389" VPOS="3932" HPOS="2936" WC="0.66" STYLEREFS="font7"/>
              <String ID="word_1_157" CONTENT="&#8212;" HEIGHT="12" WIDTH="125" VPOS="3995" HPOS="3415" WC="0.93" STYLEREFS="font7"/>
              <String ID="word_1_158" CONTENT="(Zu" HEIGHT="117" WIDTH="175" VPOS="3935" HPOS="3629" WC="0.92" STYLEREFS="font7"/>
            </TextLine>
            <TextLine ID="line_1_26" HEIGHT="848" WIDTH="NaN" VPOS="-25" HPOS="0.004">
              <String ID="word_1_159" CONTENT="Jules)" HEIGHT="120" WIDTH="320" VPOS="4047" HPOS="823" WC="0.91" STYLEREFS="font20"/>
              <String ID="word_1_160" CONTENT="Ich" HEIGHT="93" WIDTH="167" VPOS="4048" HPOS="1214" WC="0.83" STYLEREFS="font20"/>
              <String ID="word_1_161" CONTENT="wurr" HEIGHT="59" WIDTH="263" VPOS="4085" HPOS="1439" WC="0.92" STYLEREFS="font20"/>
              <String ID="word_1_162" CONTENT="nit" HEIGHT="88" WIDTH="146" VPOS="4059" HPOS="1760" WC="0.89" STYLEREFS="font20"/>
              <String ID="word_1_163" CONTENT="vum" HEIGHT="60" WIDTH="230" VPOS="4087" HPOS="1964" WC="0.89" STYLEREFS="font20"/>
              <String ID="word_1_164" CONTENT="Fleck" HEIGHT="97" WIDTH="308" VPOS="4053" HPOS="2252" WC="0.9" STYLEREFS="font20"/>
              <String ID="word_1_165" CONTENT="wiche," HEIGHT="106" WIDTH="350" VPOS="4059" HPOS="2623" WC="0.88" STYLEREFS="font20"/>
              <String ID="word_1_166" CONTENT="bis" HEIGHT="92" WIDTH="153" VPOS="4061" HPOS="3036" WC="0.92" STYLEREFS="font20"/>
              <String ID="word_1_167" CONTENT="ich" HEIGHT="92" WIDTH="158" VPOS="4061" HPOS="3252" WC="0.91" STYLEREFS="font20"/>
              <String ID="word_1_168" CONTENT="sicher" HEIGHT="93" WIDTH="326" VPOS="4061" HPOS="3477" WC="0.9" STYLEREFS="font20"/>
            </TextLine>
            <TextLine ID="line_1_27" HEIGHT="840" WIDTH="NaN" VPOS="-18" HPOS="0.006">
              <String ID="word_1_169" CONTENT="bin," HEIGHT="110" WIDTH="194" VPOS="4172" HPOS="822" WC="0.9" STYLEREFS="font5"/>
              <String ID="word_1_170" CONTENT="dass" HEIGHT="94" WIDTH="229" VPOS="4175" HPOS="1100" WC="0.92" STYLEREFS="font5"/>
              <String ID="word_1_171" CONTENT="Sie" HEIGHT="96" WIDTH="168" VPOS="4175" HPOS="1408" WC="0.93" STYLEREFS="font5"/>
              <String ID="word_1_172" CONTENT="mini" HEIGHT="89" WIDTH="237" VPOS="4183" HPOS="1650" WC="0.92" STYLEREFS="font5"/>
              <String ID="word_1_173" CONTENT="Tochter" HEIGHT="96" WIDTH="438" VPOS="4178" HPOS="1959" WC="0.92" STYLEREFS="font5"/>
              <String ID="word_1_174" CONTENT="hierothe!" HEIGHT="97" WIDTH="497" VPOS="4180" HPOS="2475" WC="0.89" STYLEREFS="font5"/>
            </TextLine>
          </TextBlock>
        </ComposedBlock>
        <ComposedBlock ID="carea_1_14" HEIGHT="345" WIDTH="2985" VPOS="4356" HPOS="817">
          <TextBlock ID="par_1_14" HEIGHT="345" WIDTH="2985" VPOS="4356" HPOS="817">
            <TextLine ID="line_1_28" HEIGHT="1094" WIDTH="NaN" VPOS="-30" HPOS="0.003">
              <String ID="word_1_175" CONTENT="Jules:" HEIGHT="93" WIDTH="322" VPOS="4356" HPOS="1064" WC="0.9" STYLE="bold" STYLEREFS="font21"/>
              <String ID="word_1_176" CONTENT="Awwer" HEIGHT="94" WIDTH="404" VPOS="4360" HPOS="1452" WC="0.91" STYLEREFS="font21"/>
              <String ID="word_1_177" CONTENT="selbstverst&#228;ndlich," HEIGHT="110" WIDTH="1034" VPOS="4362" HPOS="1919" WC="0.91" STYLEREFS="font21"/>
              <String ID="word_1_178" CONTENT="ich" HEIGHT="94" WIDTH="158" VPOS="4363" HPOS="3019" WC="0.92" STYLEREFS="font21"/>
              <String ID="word_1_179" CONTENT="bin" HEIGHT="93" WIDTH="169" VPOS="4364" HPOS="3241" WC="0.9" STYLEREFS="font21"/>
              <String ID="word_1_180" CONTENT="jo" HEIGHT="108" WIDTH="90" VPOS="4371" HPOS="3470" WC="0.9" STYLEREFS="font21"/>
              <String ID="word_1_181" CONTENT="mit" HEIGHT="88" WIDTH="178" VPOS="4370" HPOS="3624" WC="0.91" STYLEREFS="font21"/>
            </TextLine>
            <TextLine ID="line_1_29" HEIGHT="850" WIDTH="NaN" VPOS="-29" HPOS="0.002">
              <String ID="word_1_182" CONTENT="allem" HEIGHT="96" WIDTH="292" VPOS="4481" HPOS="821" WC="0.82" STYLEREFS="font10"/>
              <String ID="word_1_183" CONTENT="inverstande." HEIGHT="97" WIDTH="678" VPOS="4483" HPOS="1180" WC="0.89" STYLEREFS="font10"/>
              <String ID="word_1_184" CONTENT="(F&#252;r" HEIGHT="117" WIDTH="225" VPOS="4485" HPOS="1934" WC="0.87" STYLEREFS="font10"/>
              <String ID="word_1_185" CONTENT="sich)" HEIGHT="117" WIDTH="246" VPOS="4487" HPOS="2226" WC="0.91" STYLEREFS="font10"/>
              <String ID="word_1_186" CONTENT="Jesses," HEIGHT="108" WIDTH="376" VPOS="4489" HPOS="2546" WC="0.91" STYLEREFS="font10"/>
              <String ID="word_1_187" CONTENT="wenn" HEIGHT="60" WIDTH="290" VPOS="4523" HPOS="2989" WC="0.92" STYLEREFS="font10"/>
              <String ID="word_1_188" CONTENT="d'r" HEIGHT="96" WIDTH="146" VPOS="4488" HPOS="3351" WC="0.86" STYLEREFS="font10"/>
              <String ID="word_1_189" CONTENT="„pa-" HEIGHT="79" WIDTH="234" VPOS="4527" HPOS="3567" WC="0.91" STYLEREFS="font10"/>
            </TextLine>
            <TextLine ID="line_1_30" HEIGHT="819" WIDTH="NaN" VPOS="-2" HPOS="-0.002">
              <String ID="word_1_190" CONTENT="tron“" HEIGHT="80" WIDTH="289" VPOS="4618" HPOS="817" WC="0.15" STYLEREFS="font22"/>
              <String ID="word_1_191" CONTENT="k&#228;mt!" HEIGHT="91" WIDTH="313" VPOS="4610" HPOS="1162" WC="0.61" STYLEREFS="font22"/>
            </TextLine>
          </TextBlock>
        </ComposedBlock>
        <ComposedBlock ID="carea_1_15" HEIGHT="222" WIDTH="2980" VPOS="4774" HPOS="817">
          <TextBlock ID="par_1_15" HEIGHT="222" WIDTH="2980" VPOS="4774" HPOS="817">
            <TextLine ID="line_1_31" HEIGHT="1102" WIDTH="NaN" VPOS="-34" HPOS="0.003">
              <String ID="word_1_192" CONTENT="Susanne:" HEIGHT="95" WIDTH="491" VPOS="4774" HPOS="1068" WC="0.91" STYLE="bold" STYLEREFS="font20"/>
              <String ID="word_1_193" CONTENT="H&#246;rsch," HEIGHT="108" WIDTH="417" VPOS="4778" HPOS="1647" WC="0.73" STYLEREFS="font20"/>
              <String ID="word_1_194" CONTENT="„maman“," HEIGHT="102" WIDTH="555" VPOS="4785" HPOS="2155" WC="0.57" STYLEREFS="font20"/>
              <String ID="word_1_195" CONTENT="er" HEIGHT="55" WIDTH="101" VPOS="4817" HPOS="2793" WC="0.91" STYLEREFS="font20"/>
              <String ID="word_1_196" CONTENT="isch" HEIGHT="91" WIDTH="207" VPOS="4784" HPOS="2986" WC="0.92" STYLEREFS="font20"/>
              <String ID="word_1_197" CONTENT="ganz" HEIGHT="98" WIDTH="245" VPOS="4803" HPOS="3285" WC="0.92" STYLEREFS="font20"/>
              <String ID="word_1_198" CONTENT="mit" HEIGHT="84" WIDTH="175" VPOS="4791" HPOS="3622" WC="0.91" STYLEREFS="font20"/>
            </TextLine>
            <TextLine ID="line_1_32" HEIGHT="821" WIDTH="NaN" VPOS="-4" HPOS="0.006">
              <String ID="word_1_199" CONTENT="inverstande." HEIGHT="96" WIDTH="679" VPOS="4900" HPOS="817" WC="0.85" STYLEREFS="font23"/>
            </TextLine>
          </TextBlock>
        </ComposedBlock>
        <ComposedBlock ID="carea_1_16" HEIGHT="358" WIDTH="2982" VPOS="5065" HPOS="814">
          <TextBlock ID="par_1_16" HEIGHT="358" WIDTH="2982" VPOS="5065" HPOS="814">
            <TextLine ID="line_1_33" HEIGHT="1091" WIDTH="NaN" VPOS="-23" HPOS="0.003">
              <String ID="word_1_200" CONTENT="Madame" HEIGHT="97" WIDTH="467" VPOS="5065" HPOS="1068" WC="0.74" STYLE="bold" STYLEREFS="font24"/>
              <String ID="word_1_201" CONTENT="Schmidt:" HEIGHT="95" WIDTH="487" VPOS="5068" HPOS="1636" WC="0.89" STYLE="bold" STYLEREFS="font24"/>
              <String ID="word_1_202" CONTENT="Diss" HEIGHT="93" WIDTH="226" VPOS="5073" HPOS="2268" WC="0.88" STYLEREFS="font24"/>
              <String ID="word_1_203" CONTENT="w&#228;r" HEIGHT="83" WIDTH="209" VPOS="5083" HPOS="2598" WC="0.88" STYLEREFS="font24"/>
              <String ID="word_1_204" CONTENT="noch" HEIGHT="94" WIDTH="254" VPOS="5075" HPOS="2914" WC="0.92" STYLEREFS="font24"/>
              <String ID="word_1_205" CONTENT="schoener," HEIGHT="108" WIDTH="518" VPOS="5074" HPOS="3276" WC="0.9" STYLEREFS="font24"/>
            </TextLine>
            <TextLine ID="line_1_34" HEIGHT="848" WIDTH="NaN" VPOS="-34" HPOS="0.002">
              <String ID="word_1_206" CONTENT="wenn" HEIGHT="58" WIDTH="295" VPOS="5227" HPOS="814" WC="0.92" STYLEREFS="font16"/>
              <String ID="word_1_207" CONTENT="'r" HEIGHT="92" WIDTH="71" VPOS="5193" HPOS="1167" WC="0.92" STYLEREFS="font16"/>
              <String ID="word_1_208" CONTENT="nit" HEIGHT="89" WIDTH="142" VPOS="5199" HPOS="1292" WC="0.92" STYLEREFS="font16"/>
              <String ID="word_1_209" CONTENT="mit" HEIGHT="88" WIDTH="175" VPOS="5202" HPOS="1484" WC="0.9" STYLEREFS="font16"/>
              <String ID="word_1_210" CONTENT="inverstande" HEIGHT="94" WIDTH="647" VPOS="5198" HPOS="1716" WC="0.91" STYLEREFS="font16"/>
              <String ID="word_1_211" CONTENT="w&#228;r!" HEIGHT="93" WIDTH="243" VPOS="5199" HPOS="2421" WC="0.9" STYLEREFS="font16"/>
              <String ID="word_1_212" CONTENT="(Sie" HEIGHT="120" WIDTH="203" VPOS="5196" HPOS="2730" WC="0.92" STYLEREFS="font16"/>
              <String ID="word_1_213" CONTENT="geht" HEIGHT="119" WIDTH="229" VPOS="5200" HPOS="2988" WC="0.93" STYLEREFS="font16"/>
              <String ID="word_1_214" CONTENT="aufgeregt" HEIGHT="118" WIDTH="521" VPOS="5199" HPOS="3275" WC="0.91" STYLEREFS="font16"/>
            </TextLine>
            <TextLine ID="line_1_35" HEIGHT="832" WIDTH="NaN" VPOS="-13" HPOS="0.004">
              <String ID="word_1_215" CONTENT="im" HEIGHT="88" WIDTH="125" VPOS="5322" HPOS="819" WC="0.9" STYLEREFS="font25"/>
              <String ID="word_1_216" CONTENT="Zimmer" HEIGHT="96" WIDTH="419" VPOS="5316" HPOS="1033" WC="0.9" STYLEREFS="font25"/>
              <String ID="word_1_217" CONTENT="auf" HEIGHT="95" WIDTH="163" VPOS="5320" HPOS="1536" WC="0.92" STYLEREFS="font25"/>
              <String ID="word_1_218" CONTENT="und" HEIGHT="92" WIDTH="194" VPOS="5323" HPOS="1783" WC="0.91" STYLEREFS="font25"/>
              <String ID="word_1_219" CONTENT="ab." HEIGHT="95" WIDTH="150" VPOS="5322" HPOS="2065" WC="0.91" STYLEREFS="font25"/>
              <String ID="word_1_220" CONTENT="Pl&#246;tzlich" HEIGHT="95" WIDTH="483" VPOS="5324" HPOS="2304" WC="0.92" STYLEREFS="font25"/>
              <String ID="word_1_221" CONTENT="bleibt" HEIGHT="96" WIDTH="319" VPOS="5325" HPOS="2871" WC="0.91" STYLEREFS="font25"/>
              <String ID="word_1_222" CONTENT="ihr" HEIGHT="93" WIDTH="147" VPOS="5327" HPOS="3273" WC="0.88" STYLEREFS="font25"/>
              <String ID="word_1_223" CONTENT="Blick" HEIGHT="96" WIDTH="285" VPOS="5327" HPOS="3509" WC="0.91" STYLEREFS="font25"/>
            </TextLine>
          </TextBlock>
        </ComposedBlock>
      </PrintSpace>
    </Page>
  </Layout>
</alto>
