1 1
1520 1162 1033 187 3. Aufzug.

525 1550 437 96 Zimmer
1045 1558 100 88 in
1233 1558 329 88 einem
1641 1554 309 96 Hotel
2033 1562 100 88 in
2221 1554 775 100 Baden=Baden.
3146 1554 108 96 In
3375 1558 183 96 der

520 1679 317 96 Mitte
904 1679 350 96 hinten
1316 1687 225 88 eine
1608 1679 600 121 Doppeltür.
2275 1683 283 96 Vorn
2616 1683 267 96 links
2946 1687 200 92 und
3208 1687 346 96 rechts

533 1812 229 88 eine
854 1808 233 96 Tür.
1241 1808 359 96 Neben
1683 1812 279 113 jeder
2054 1812 200 92 Tür
2350 1816 162 88 ein
2604 1833 404 100 grosser
3096 1808 458 125 Spiegel-

537 1933 467 113 schrank,
1120 1946 96 83 in
1295 1937 180 96 der
1554 1937 304 113 Mitte
1975 1946 162 87 ein
2250 1937 396 96 kleiner
2758 1941 325 109 Tisch,
3200 1941 354 96 darum

541 2071 325 112 einige
950 2062 387 100 Stühle.
1420 2067 109 91 In
1616 2067 225 91 dem
1920 2067 430 91 Zimmer
2433 2067 479 95 befinden
2996 2071 212 91 sich
3296 2071 262 91 noch

537 2196 167 87 ein
783 2192 262 108 Bett,
1133 2192 442 95 Toilette
1654 2229 275 71 usw.,
2045 2192 280 108 kurz,
2446 2229 212 58 was
2737 2229 229 58 man
3050 2200 96 87 in
3233 2204 325 88 einem

533 2317 729 95 Hotelzimmer
1329 2317 346 95 findet.
1741 2317 204 95 Das
2012 2321 929 96 Zimmermädchen
3008 2321 313 96 öffnet
3391 2321 163 96 die

1745 2446 580 116 Mitteltür.)

783 2658 371 92 Marie:
1295 2658 163 109 So,
1575 2696 295 58 wenn
1945 2662 167 92 die
2191 2658 738 96 Herrschafften
3046 2671 504 87 eintreten

525 2787 404 92 wollen.
1091 2787 729 117 (Schampetiss
1966 2787 205 92 und
2308 2787 392 117 Ammej
2850 2800 337 83 treten
3329 2812 221 96 gra-

525 2912 487 92 vitätisch
1129 2921 187 100 ein,
1433 2912 633 96 hinterdrein
2179 2917 479 91 Madame
2775 2912 454 101 Schmidt
3316 2917 234 91 und

525 3038 466 95 Susanne
1079 3042 200 91 und
1370 3075 217 58 zum
1679 3042 437 108 Schluss,
2212 3063 250 100 ganz
2558 3042 513 121 geknickt,
3162 3042 388 121 Ropfer

533 3167 200 91 und
812 3167 354 116 Jules.)

779 3321 733 142 Schampetiss:
1588 3325 707 111 „Ventrebleu,
2362 3363 254 58 nous
2679 3325 375 96 voilà!“

775 3492 387 121 Ropfer
1225 3458 191 155 (für
1479 3496 283 117 sich):
1837 3496 75 92 E
1970 3496 426 121 heiliger
2454 3496 596 96 Strohsack!
3121 3496 420 108 „Quelle

520 3625 538 92 aventure!
1137 3621 358 108 Quelle
1566 3621 600 96 aventure!“

779 3775 262 92 Jean
1125 3783 154 109 (zu
1354 3775 462 121 Ropfer):
1962 3779 775 96 Aufzuwarten!
2883 3783 246 92 Hier
3208 3783 333 92 dieses

512 3904 442 92 Zimmer
1037 3904 346 92 würde
1475 3904 158 96 ich
1716 3904 313 96 Ihnen
2116 3908 605 117 empfehlen.
2833 3913 138 66 —
3091 3908 171 117 (Zu
3350 3908 196 96 den

525 4029 516 121 anderen.)
1116 4029 296 96 Dann
1479 4034 216 91 hier
1770 4034 338 116 rechts
2187 4034 200 91 und
2458 4034 267 95 links
2800 4034 454 95 befindet
3329 4038 212 91 sich

512 4167 100 108 je
695 4163 163 87 ein
933 4159 425 95 Zimmer
1433 4167 179 83 mit
1687 4167 254 87 zwei
2016 4159 400 95 Betten.
2500 4159 450 116 (Oeffnet
3029 4163 162 91 die
3275 4163 266 91 Türe

525 4284 375 120 rechts)
983 4284 254 100 Sehr
1308 4284 433 95 schönes
1816 4288 425 91 Zimmer
2287 4279 204 100 mit
2566 4288 784 116 Morgensonne.

770 4454 696 117 Schampetiss
1604 4459 133 112 (in
1841 4454 179 96 das
2120 4459 430 91 Zimmer
2679 4459 854 108 hineinblickend,

508 4584 642 91 verächtlich
1208 4621 121 54 zu
1391 4584 338 116 Jean):
1800 4584 362 95 Haben
2225 4584 166 95 Sie
2450 4588 237 91 kein
2746 4584 475 95 besseres
3283 4588 250 91 Zim-

520 4713 280 91 mer?
879 4709 721 108 „Sacrebleu!“
1675 4713 195 91 Für
1941 4713 263 91 mich
2275 4713 204 96 und
2546 4721 329 88 meine
2946 4713 333 91 Frau?

770 4863 300 96 Jean:
1220 4867 767 108 Aufzuwarten,
2075 4867 258 92 Herr
2425 4867 471 108 General,
2987 4867 550 121 verzeihen

520 4988 167 100 Sie
758 4996 400 113 gütigst,
1229 4992 258 96 Herr
1562 4992 471 108 General,
2104 5000 179 88 wir
2350 4992 375 96 wollen
2796 4992 325 117 gleich
3191 4996 342 96 sehen.

525 5117 170 117 (Zu
758 5117 367 121 Marie)
1191 5117 359 113 Marie,
1625 5121 320 117 gehen
2008 5121 167 96 Sie
2241 5121 259 96 doch
2566 5121 325 121 gleich
2954 5121 379 121 fragen,
3404 5121 125 96 ob

508 5246 246 96 kein
829 5246 471 96 besseres
1375 5246 425 96 Zimmer
1854 5246 296 96 mehr
2225 5250 187 92 frei
2483 5255 158 87 ist.
