1 1
1699 311 797 158 - 73 -

579 562 337 121 Türe.)
1020 562 530 113 „Chérie“,
1650 566 225 92 derf
1966 566 180 96 m'r
2246 575 170 87 nin
2508 570 438 96 kumme.
3033 533 183 154 (Er
3316 570 292 96 dreht

579 729 158 58 am
791 691 475 121 Türgriff.
1320 691 480 96 Madame
1858 691 454 100 Schmidt
2366 700 200 91 und
2621 695 462 100 Susanne
3141 700 467 95 schreien

575 820 216 96 laut
858 820 237 121 auf.)

829 987 483 100 Madame
1395 991 455 96 Schmidt
1937 995 238 113 (von
2262 979 404 133 innen):
2808 995 183 109 „O!
3083 995 304 96 non!“
3475 1000 129 91 Es

579 1120 237 121 geht
879 1120 183 92 nit!
1133 1120 196 92 M'r
1391 1129 154 121 sin
1608 1120 246 117 grad
1920 1129 130 87 im
2116 1125 363 91 Hemd!

829 1287 387 121 Ropfer
1304 1291 508 117 (freudig):
1912 1291 250 96 Gott
2246 1300 137 108 sej
2471 1291 325 113 Dank,
2887 1300 146 87 sie
3121 1304 150 83 sin
3358 1295 246 121 grad

570 1420 130 88 im
775 1416 366 96 Hemd!

829 1587 325 92 Jules:
1229 1587 166 100 Sie
1462 1595 154 88 sin
1679 1595 125 88 im
1870 1591 355 109 Hemd,
2296 1595 241 109 jetzt
2608 1591 213 96 isch
2891 1591 146 96 d'r
3100 1591 496 96 Moment!

825 1741 425 117 Ropfer:
1325 1741 504 113 „Filons!“

825 1900 329 91 Jules:
1241 1900 696 116 Uessgerisse!

825 2079 420 121 Ropfer:
1304 2083 279 96 Halt!
1641 2145 129 13 —
1820 2083 117 96 D'
2000 2087 416 92 Kleider
2471 2087 295 96 welle
2825 2087 175 96 m'r
3062 2087 254 96 doch
3375 2095 225 88 mit-

570 2216 434 88 nemme!
1083 2212 379 117 (Reisst
1525 2212 200 92 den
1791 2212 463 96 Schrank
2325 2212 233 121 auf.)
2637 2216 613 109 G'schwind,
3325 2225 275 112 inge-

570 2337 350 117 packt!
1079 2337 162 117 (Er
1320 2337 275 96 wirit
1675 2341 287 92 Jules
2041 2341 163 96 die
2287 2341 417 96 Kleider
2787 2350 100 87 in
2966 2345 163 92 die
3208 2345 383 117 Arme.)

557 2462 346 122 „Vite!
975 2466 337 96 Vite!“
1341 2466 367 117 (Jules
1770 2466 275 96 wirft
2108 2466 167 96 die
2333 2466 421 96 Kleider
2821 2479 100 83 in
2983 2470 196 96 den
3241 2470 359 96 Koffer

566 2591 263 96 ohne
887 2600 146 87 sie
1091 2629 121 58 zu
1266 2595 434 117 packen.
1758 2595 312 100 Beide
2125 2608 408 83 müssen
2587 2600 525 91 furchtbar
3171 2604 420 116 niesen.)

566 2720 196 96 Mit
825 2725 225 91 dem
1112 2720 563 113 nundedjes
1741 2720 417 100 Pfeffer!

816 2891 329 96 Jules:
1220 2895 359 92 Keiwe
1654 2895 412 96 Pfeffer!
2154 2900 179 112 (Da
2421 2900 162 91 die
2654 2900 421 95 Kleider
3146 2900 279 95 nicht
3496 2908 95 87 in

562 3020 200 92 den
820 3016 359 96 Koffer
1237 3020 704 121 hineingehen,
2012 3025 417 116 stampft
2491 3025 384 116 Ropfer
2941 3033 146 88 sie
3154 3033 179 88 mit
3396 3029 195 92 den

558 3146 387 95 Füssen
1000 3150 370 96 hinein.
1425 3150 129 91 Er
1604 3150 362 116 klappt
2020 3150 196 96 den
2266 3150 355 96 Koffer
2671 3191 150 71 zu,
2875 3191 112 59 so
3041 3154 234 96 dass
3329 3158 262 92 noch

566 3283 163 83 ein
816 3275 867 121 Kleidungsstück
1779 3279 717 117 eingeklemmt
2587 3283 200 92 und
2879 3283 450 92 sichtbar
3425 3287 162 88 ist.

558 3400 317 96 Beide
958 3408 421 108 niesen.)

812 3571 425 120 Ropfer:
1325 3575 583 116 Nundedjes
1991 3575 413 96 Pfeffer!

812 3741 329 96 Jules:
1208 3741 708 100 Verdammter
1983 3746 413 95 Pfeffer!

812 3912 421 117 Ropfer:
1316 3916 163 105 So,
1562 3950 129 58 un
1766 3925 242 108 jetzt
2087 3916 188 96 los!
2366 3916 321 117 (Jules
2766 3921 255 91 fasst
3100 3958 129 54 an
3308 3929 279 83 einer

562 4041 308 109 Seite,
937 4041 388 117 Ropfer
1391 4079 125 54 an
1583 4046 179 91 der
1829 4046 446 91 anderen
2346 4046 279 95 Seite
2700 4046 175 108 des
2946 4046 408 91 Koffers
3429 4083 154 58 an.

550 4166 129 96 Es
750 4166 400 121 klopft.)
1229 4166 533 113 „Entrez!”

829 4337 366 96 Marie:
1287 4337 675 121 Verzeihung!
2058 4337 204 117 (Sie
2346 4341 329 109 niest.)

833 4508 421 117 Ropfer:
1333 4508 637 96 G'sundheit!

820 4679 371 92 Marie:
1266 4679 359 96 Danke
1700 4683 350 92 schön!
2120 4741 126 13 —
2321 4679 654 121 Verzeihung,
3054 4683 158 92 die
3287 4683 304 92 Herr-

570 4791 359 125 schaft,
1016 4808 163 92 die
1266 4808 179 92 das
1533 4808 429 92 Zimmer
2045 4808 309 96 heute
2441 4829 413 96 morgen
2937 4812 313 104 hatte,
3341 4808 250 96 lässt

545 4937 380 121 fragen,
995 4937 125 92 ob
1187 4941 142 88 sie
1395 4941 296 92 einen
1754 4937 646 117 Augenblick
2462 4937 834 142 hereinkommen
3358 4937 254 109 darf,

554 5071 146 87 sie
775 5062 370 117 glaubt,
1225 5075 316 83 etwas
1612 5062 217 96 hier
1900 5062 471 96 verloren
2450 5100 116 54 zu
2637 5062 363 96 haben.

820 5229 425 121 Ropfer:
1345 5233 434 96 Gewiss!
1883 5233 433 142 Gewiss!
2421 5233 187 92 Die
2704 5229 600 100 Herrschaft
3404 5229 187 100 soll

566 5396 400 58 numme
1054 5358 429 96 kumme.
