1 1
1937 147 764 170 - 60 -

1028 435 416 121 Ropfer,
1503 403 288 126 Jules
1853 435 200 95 und
2103 436 500 95 Susanne:
2662 434 466 127 Wenne?

1027 590 479 99 Madame
1589 588 493 99 Schmidt:
2236 591 282 97 Mine
2606 586 708 100 verschollene
3410 588 380 111 Babbe,

780 717 129 100 de
985 720 600 99 französche
1667 719 572 123 „général“!

1030 876 421 121 Ropfer:
1533 875 451 121 Heiliger
2059 877 489 94 Bimbam!

1029 1031 325 97 Jules:
1433 1033 250 111 „Pas
1754 1032 629 118 possible?!“

1032 1189 500 132 Susanne:
1674 1188 847 120 „Grand-papa?!”

1031 1357 475 97 Madame
1582 1358 486 96 Schmidt:
2189 1361 155 109 Ja,
2431 1363 330 92 denke
2845 1398 424 73 numme,
3356 1368 192 88 wie
3631 1360 159 93 ich

777 1525 225 58 ewe
1088 1522 234 60 vum
1405 1488 305 95 Hotel
1797 1488 401 94 kumme
2289 1487 199 109 bin,
2647 1489 126 96 do
2863 1490 384 93 kummt
3335 1526 50 58 e
3476 1489 317 96 Mann

780 1650 346 60 uewer
1176 1614 471 111 d'Stross,
1708 1655 51 58 e
1813 1616 521 124 stattlichi,
2388 1617 630 94 militärischi
3072 1618 716 118 Erschienung,

783 1763 250 99 ganz
1108 1752 193 84 wie
1383 1741 155 96 ich
1621 1742 176 96 m'r
1879 1743 146 121 als
2104 1752 263 89 mine
2450 1744 388 119 „papa“
2918 1745 569 117 vorg'stellt
3562 1747 230 94 hab.

778 1870 197 93 Mit
1045 1868 576 98 Orde-n-un
1690 1871 622 96 Ehrezeiche
2387 1874 142 93 uff
2600 1872 146 112 d'r
2817 1871 466 98 Bruscht!

1032 2040 383 120 Ropfer
1486 2042 634 122 (aufgeregt):
2195 2044 596 95 Wittersch!

1031 2210 475 97 Madame
1585 2210 491 98 Schmidt:
2160 2215 167 93 Ich
2410 2213 212 109 hör,
2706 2222 195 88 wie
2990 2220 279 89 einer
3353 2213 119 92 ‘m
3556 2248 234 58 zue-

777 2338 303 96 rueft:
1134 2339 359 109 „Salut
1547 2339 505 119 général“!
2113 2340 167 96 Ich
2334 2341 196 96 hab
2589 2343 212 116 also
2855 2350 535 111 gewüesst,
3452 2343 70 93 ‘s
3576 2341 217 95 isch

783 2504 55 58 e
917 2465 562 119 „général“.

1033 2632 384 120 Ropfer
1478 2637 197 93 und
1737 2634 288 94 Jules
1478 2637 197 93 und
2092 2640 479 113 (entsetzt
2632 2635 155 96 für
2846 2636 287 117 sich):
3204 2634 375 109 Jesses,
3646 2631 149 96 d'r

782 2762 725 119 Schampetiss!

1035 2930 471 97 Madame
1585 2930 492 124 Schmidt:
2165 2933 166 96 Ich
2411 2968 325 62 nemm
2819 2936 176 92 m'r
3081 2970 55 59 e
3219 2934 292 109 Herz,
3602 2931 188 121 geh

780 3058 147 96 uff
997 3097 125 58 ne
1197 3098 183 55 zue
1459 3096 130 58 un
1668 3097 171 58 saa
1918 3098 318 58 zuem:
2322 3062 334 108 „Vous
2743 3095 462 75 excusez,
3286 3057 504 123 général“,

780 3187 400 109 „Faites
1250 3195 476 109 toujours,
1797 3188 593 144 Madame“,
2443 3188 208 120 gibt
2723 3189 74 93 'r
2860 3195 186 88 mir
3110 3188 375 96 höflich
3551 3223 242 59 zuer

779 3313 513 97 Antwort.
1375 3312 229 117 „Ich
1688 3314 308 109 sieh,“
2083 3353 176 58 saa
2342 3317 158 92 ich
2588 3316 554 108 wittersch,
3234 3314 295 111 „dass
3621 3315 167 96 Sie

782 3437 589 98 d'Medaille
1446 3475 203 87 vun
1724 3438 143 96 d'r
1942 3462 616 96 „campagne
2633 3439 451 97 d'Italie“
3158 3441 233 110 han;
3474 3448 318 88 miner

782 3563 350 97 Babbe
1207 3569 220 92 hett
1502 3604 125 58 au
1707 3567 88 92 d'
1882 3587 617 100 „campagne
2578 3568 492 119 d'Italie“
3112 3565 675 123 mitgemacht,

781 3700 196 87 wie
1031 3694 180 91 m’r
1265 3695 146 91 als
1465 3700 237 87 mini
1756 3697 371 92 Mamme
2141 3693 561 97 verzählt
2761 3695 333 121 hett“.
3119 3758 129 9 —
3307 3696 482 131 „Ventre-

777 3817 279 96 bleu!
1130 3823 222 92 Wie
1419 3821 216 95 hett
1706 3822 71 91 'r
1847 3823 568 126 g'heisse?“
2481 3835 217 82 saat
2773 3819 71 96 'r
2915 3823 157 96 do.
3148 3821 642 119 „Jean-Bap-

789 3954 245 89 tiste
1139 3946 679 124 Schneider“,
1954 3950 422 119 giewich
2481 3951 119 91 'm
2706 3949 125 95 do
2934 3987 238 58 zuer
3271 3951 510 93 Antwort.

788 4072 441 111 „Was?“
1313 4091 225 80 saat
1622 4075 71 96 'r
1779 4077 155 108 do,
2025 4078 188 108 „do
2301 4079 283 93 bisch
2675 4077 125 96 dü
2892 4115 154 59 am
3131 4079 219 93 End
3438 4102 175 95 gar
3697 4073 91 100 d'

779 4200 455 97 Dochter
1288 4236 228 60 vum
1574 4203 630 117 Schosephin
2255 4212 116 88 üs
2429 4204 851 97 Schlettstadt?!“
3317 4264 125 13 —
3488 4203 303 110 „Bien

787 4338 196 96 sûr,
1049 4327 200 96 diss
1316 4328 167 93 bin
1545 4330 250 96 ich.“
1858 4394 125 8 —
2041 4332 183 92 Ein
2287 4333 292 96 Wort
2645 4331 300 96 hett's
3015 4333 309 93 ander
3394 4339 217 108 gän,
3687 4366 104 58 er

786 4450 221 97 hett
1065 4451 71 97 ‘s
1194 4452 438 98 Portrait
1690 4455 629 96 b'schriwwe
2378 4496 200 55 vun
2632 4465 380 88 minere
3069 4458 467 110 Mamme,
3598 4469 192 84 wie

786 4579 165 96 ich
1023 4580 125 96 do
1226 4590 125 84 im
1426 4582 559 95 Medaillon
2057 4582 225 97 hab.
2360 4583 296 110 Kurz,
2743 4623 104 55 es
2927 4586 216 94 hett
3222 4585 213 95 sich
3515 4594 275 87 erüs-

792 4705 367 120 gstellt,
1218 4707 229 96 dass
1509 4708 176 93 der
1735 4710 387 118 würdig
2181 4710 529 119 „général“
2768 4719 317 88 miner
3143 4712 346 97 Babbe
3547 4712 242 95 isch.

784 4892 130 12 —
996 4833 510 110 „Babbe!“
1596 4835 396 96 hawich
2080 4874 283 58 zuem
2451 4838 345 117 g'saat.
2913 4900 129 11 —
3159 4838 237 113 „Ma
3488 4839 300 93 chère

792 4959 308 93 fille!”
1141 4961 239 95 .hett
1449 4962 68 92 ’r
1587 4964 175 91 m'r
1825 5001 237 56 zuer
2124 4966 477 93 Antwort
2666 4974 213 111 gän,
2946 4966 217 96 hett
3226 4972 187 91 sini
3479 4965 312 95 Aerm

787 5085 641 116 üsg'streckt,
1490 5125 126 58 un
1678 5097 171 87 mit
1912 5090 396 93 Thräne
2370 5100 96 84 in
2529 5093 521 94 de-n-Aue
3112 5096 199 92 han
3369 5093 176 92 m'r
3611 5125 180 61 uns

795 5214 678 94 embrassiert.
1557 5215 421 118 (Wischt
2053 5220 208 91 sich
2336 5225 221 88 eine
2628 5219 329 96 Träne
3029 5221 195 117 ab.)
