1 1
1670 466 130 13 —
1933 412 137 100 97
2221 466 133 75 —

537 658 158 58 wo
775 625 75 91 's
929 625 575 116 Gejemittel
1587 662 117 58 ze
1727 621 735 128 hole-n-isch.
2500 629 254 91 Hole
2812 629 92 104 ‘s
2954 666 237 71 uns,
3275 650 221 75 ver-

541 750 379 95 schaffe
1000 750 70 95 ‘s
1145 787 180 58 uns
1395 750 142 120 uff
1612 750 142 95 dr
1829 750 279 108 Stell,
2191 754 405 91 sunscht
2671 758 212 92 isch
2954 754 246 96 alles
3275 791 225 59 ver-

537 875 254 95 lore!
883 875 525 116 (Erneutes
1491 875 429 95 Weinen
2000 912 200 58 von
2283 879 471 91 Madame
2837 879 375 116 Ropfer
3300 883 196 92 und

537 994 458 136 Jeanne.)

783 1137 753 116 Schampetiss:
1566 1137 119 116 's
1707 1112 662 182 Gejemittel?
2399 1137 143 132 —
2581 1145 374 116 (Stolz)
3010 1129 291 132 Alles
3348 1129 176 132 do!

533 1312 125 25 —
716 1266 171 92 Dr
950 1266 529 117 Napoléon
1545 1266 125 92 III
1733 1266 217 92 hett
2016 1266 146 96 als
2225 1275 146 87 nit
2437 1270 642 92 umesunscht
3146 1270 350 117 g'saat:

541 1391 163 104 „Si
779 1387 679 121 Schampetiss
1537 1391 550 96 Schneider
2166 1404 155 83 est
2400 1395 121 105 là,
2600 1391 91 96 la
2766 1395 413 92 bataille
3258 1408 242 104 peut

541 1512 725 96 commencer!”
1412 1516 163 129 (Er
1683 1516 267 92 zieht
2054 1525 158 83 ein
2312 1516 621 96 Fläschchen
3041 1554 171 58 aus
3321 1520 179 92 der

533 1637 842 117 Westentasche.)
1441 1712 46 38 „
1500 1641 391 109 Voilà!"
1945 1641 288 92 Alles
2291 1641 163 96 do!

779 1791 471 92 Madame
1320 1791 409 117 Ropfer,
1795 1791 396 96 Jeanne
2258 1795 200 92 und
2525 1791 396 96 Albert:
3000 1795 496 109 „Sauvé!”

779 1941 716 121 Schampetiss:
1566 1945 167 92 Ich
1795 1945 192 96 hab
2054 1945 200 96 diss
2312 1945 338 96 Mittel
2716 1950 309 91 schun
3083 1954 175 87 mit
3321 1950 175 91 Er-

529 2071 204 116 folg
812 2071 167 91 bie
1062 2067 525 125 minere-n-
1608 2071 1042 116 Alte-n-angewendt!
2737 2133 125 8 —
2954 2071 279 112 (Gibt
3312 2075 179 91 Al-

537 2196 221 91 bert
837 2196 179 91 das
1095 2196 680 112 Fläschchen.)
1937 2196 179 108 Do,
2200 2196 416 108 Dokter,
2708 2200 163 91 Sie
2958 2200 375 91 brüche
3421 2196 70 95 ‘s

529 2321 325 91 denne
904 2329 250 83 zwei
1204 2321 458 91 Patiente
1712 2333 854 79 numme-n-unter
2616 2325 88 87 d'
2758 2321 200 95 Nas
3012 2358 113 58 ze
3179 2325 312 91 hewe.

533 2441 400 121 (Albert
1016 2454 342 83 nimmt
1437 2446 325 116 hastig
1850 2446 175 91 das
2108 2446 617 91 Fläschchen
2812 2450 200 91 und
3091 2450 209 91 hält
3387 2483 104 58 es

533 2571 192 91 den
775 2571 687 91 Schlafenden
1525 2583 291 79 unter
1883 2571 158 91 die
2112 2571 334 116 Nase.)

775 2721 379 95 Anatol
1212 2725 408 112 (kommt
1675 2758 200 58 von
1920 2725 292 108 links,
2275 2758 104 58 er
2433 2733 258 108 trägt
2746 2733 100 83 in
2896 2725 175 96 der
3112 2725 384 96 Linken

529 2850 191 91 den
779 2846 1058 125 Immertellenkranz):
1912 2842 475 133 „Tiens",
2425 2850 158 91 ich
2646 2850 191 96 hab
2900 2854 258 92 mich
3221 2850 270 96 dem-

525 2971 329 91 nooch
920 2979 146 83 nit
1137 2979 550 108 trumpiert,
1766 2975 159 91 die
2000 2975 279 91 Licht
2354 2975 387 91 schient
2812 2983 238 104 jetzt
3121 3012 116 59 ze
3308 2983 179 88 sin.

529 3096 166 116 (Er
787 3096 613 112 beobachtet
1495 3100 646 91 verwundert
2241 3100 280 91 Jules
2621 3100 200 91 und
2912 3100 379 116 Ropfer
3387 3108 100 83 in

525 3221 312 91 ihrem
912 3221 463 95 bizarren
1450 3221 483 116 Kostüm.)
2020 3221 451 112 „Tiens",
2554 3225 200 91 diss
2816 3225 421 108 schiene
3287 3225 200 91 ba-

525 3346 312 91 dischi
895 3346 963 116 Pompiersmüsiker
1916 3383 113 58 ze
2087 3354 175 87 sin.
2321 3350 220 91 Wie
2608 3350 71 91 ‘s
2737 3350 413 108 schient,
3212 3387 279 54 ze-n-

525 3471 158 95 ich
762 3475 88 91 d’
933 3471 317 95 Tante
1325 3450 300 141 Aline
1704 3471 262 95 biem
2050 3508 50 58 e
2179 3471 746 112 Kriejerverein
3004 3475 275 116 g'sin.
3358 3471 129 95 Es

520 3596 259 95 fraid
845 3600 288 104 mich,
1212 3600 225 91 dass
1516 3633 329 58 se-n-e
1920 3600 409 91 schoeni
2404 3596 279 95 Licht
2754 3600 542 91 bekummt.
3362 3650 125 21 —

520 3721 167 91 Ich
750 3721 200 91 will
1008 3721 262 95 doch
1333 3721 279 120 gehn,
1679 3729 233 87 mini
1975 3725 396 91 Schueh
2433 3725 467 91 anthuen.
2975 3725 191 116 (Ab
3233 3725 254 91 nach

520 3846 292 91 links.
887 3846 375 112 Ropfer
1337 3846 196 91 und
1608 3846 279 91 Jules
1962 3850 417 91 wachen
2458 3850 438 112 langsam
2975 3850 191 121 auf.
3246 3850 237 96 Man

520 3979 342 83 nimmt
920 3971 300 91 ihnen
1275 3975 162 87 die
1500 3971 1004 116 Champagnerkübel
2566 4008 221 59 vom
2850 3975 329 117 Kopf.)

770 4121 467 91 Madame
1300 4121 408 116 Ropfer,
1766 4121 396 112 Jeanne
2229 4125 196 92 und
2487 4125 396 92 Albert:
2954 4125 167 96 Sie
3183 4125 296 96 läwe!

525 4262 500 117 (Madame
1087 4258 442 96 Schmidt
1583 4262 196 92 und
1833 4262 450 96 Susanne
2337 4262 467 92 kommen
2854 4300 200 58 von
3104 4262 371 113 rechts;

1183 4396 137 83 sie
1387 4396 454 83 stimmen
1900 4387 383 117 freudig
2346 4392 175 87 mit
2583 4392 225 108 ein.)

766 4537 467 92 Madame
1304 4537 483 125 Schmidt:
1858 4537 187 96 Wa
2120 4612 13 17 .
2212 4612 17 21 .
2308 4617 17 16 .
2396 4575 233 71 was,
2704 4550 142 83 sie
2921 4542 362 95 läwe?!

766 4687 717 117 Schampetiss:
1558 4692 167 108 Ja,
1779 4692 200 91 diss
2050 4692 208 91 isch
2321 4700 200 87 min
2587 4692 384 95 Werik!

516 4825 379 117 Ropfer
983 4829 196 92 und
1262 4829 308 108 Jules,
1658 4829 383 92 welche
2133 4829 163 92 die
2383 4829 321 96 Szene
2787 4833 688 109 überblicken,

516 4954 367 92 wollen
962 4954 400 108 fliehen;
1445 4954 471 92 Madame
1995 4954 380 117 Ropfer
2454 4954 525 96 klammert
3062 4958 209 121 sich
3354 4992 125 58 an

512 5075 408 117 Ropfer,
1000 5075 450 96 Susanne
1529 5112 125 59 an
1733 5079 317 108 Jules;
2129 5079 325 96 Marie
2533 5083 200 92 und
2812 5083 254 92 Jean
3146 5092 333 83 treten

512 5208 175 88 mit
754 5200 700 96 Giesskannen
1516 5204 200 108 auf;
1791 5204 254 92 Jean
2112 5204 271 92 stellt
2446 5204 208 96 sich
2721 5204 362 108 rechts,
3150 5204 325 96 Marie

1466 5325 259 96 links
1787 5329 179 92 der
2033 5329 479 117 Gruppe.)
