1 1
1951 329 792 136 - 66 -

800 570 79 96 E
950 570 308 96 bissel
1333 575 267 120 langi
1666 579 450 112 Aermel,
2187 620 275 59 awer
2541 587 71 96 ‘s
2687 591 313 96 schad
3075 595 208 92 nix!
3366 595 167 117 (Er
3604 595 204 121 legt

800 700 166 91 die
1045 700 342 95 Orden
1466 708 192 117 an.)
1800 708 400 96 „Voilà!“
2283 708 875 129 Standesgemäss!

1050 866 420 121 Ropfer:
1558 875 308 108 „Mon
1945 875 296 100 Dieu!
2333 883 250 96 Mon
2666 887 292 96 Dieu!
3050 887 358 108 Quelle
3496 920 304 67 aven-

795 995 330 96 ture!”

1045 1166 480 96 Madame
1600 1166 454 100 Schmidt
2137 1175 384 116 (hinten
2600 1183 287 96 drein
2966 1183 284 100 Jules
3333 1191 200 92 und
3612 1187 184 100 Su-

795 1325 313 62 sanne
1179 1304 179 83 mit
1425 1295 637 100 Handkoffer
2137 1304 200 96 und
2421 1304 500 125 Gepäck):
3008 1312 333 108 „Nous
3416 1316 380 96 voilà!“

795 1416 280 96 Jetzt
1133 1416 354 100 kann's
1550 1420 512 125 losgehen.
2129 1429 179 108 „Et
2371 1437 458 96 madame
2891 1437 100 96 la
3054 1441 608 117 générale“?

1037 1583 725 121 Schampetiss:
1825 1591 166 100 Sie
2041 1600 284 91 kumt
2379 1600 279 120 grad!
2721 1604 450 116 (Oeffnet
3204 1608 162 96 die
3400 1608 387 100 Mittel-

787 1716 196 113 tür)
1058 1712 212 117 Hej,
1341 1712 250 100 Alti!

1037 1883 429 117 Ammej:
1620 1887 200 96 Ich:
1870 1891 367 113 kumm,
2329 1895 158 96 ich
2571 1895 375 100 kumm!
3046 1904 295 112 (Tritt
3429 1908 167 92 auf
3687 1916 96 84 in

787 2012 321 88 einem
1170 2008 1009 121 Winterpelzmantel
2250 2025 196 91 und
2508 2025 608 100 Winterhut.
3175 2029 162 96 Ab
3404 2033 200 96 und
3658 2070 121 59 zu

783 2129 208 96 hält
1054 2141 141 88 sie
1254 2137 196 96 den
1512 2141 388 96 Mantel
1962 2179 142 75 so,
2166 2145 234 96 dass
2458 2187 229 58 man
2750 2154 416 96 drunter
3229 2158 208 92 ihre
3508 2162 271 92 alten

779 2254 416 100 Kleider
1258 2266 196 92 und
1520 2266 180 96 das
1766 2266 625 104 Schuhwerk
2458 2279 329 112 sieht.)

1033 2429 692 121 Schampetiss
1837 2441 688 113 (vorstellend,
2629 2445 737 125 theatralisch):
3541 2441 221 109 „Ma-

775 2550 291 100 dame
1125 2554 100 96 la
1287 2558 579 117 générale!“

1020 2720 475 96 Madame
1566 2729 492 96 Schmidt:
2171 2733 387 108 „Chere
2637 2737 500 117 Madame,
3216 2779 250 62 vous
3541 2783 225 79 per-

766 2850 475 95 mettez!”
1308 2854 487 116 (Umarmt
1854 2862 212 113 sie.)
2129 2858 546 117 „Susanne,
2741 2875 513 91 embrasse
3308 2875 458 95 madame

766 2970 96 96 la
916 2979 579 112 générale!”

1016 3141 379 121 Ropfer
1479 3154 158 108 (zu
1720 3154 359 116 Jules):
2175 3158 616 96 Hoffentlich
2875 3162 400 100 kumme
3358 3166 175 96 m'r
3616 3133 146 129 nit

766 3300 121 58 au
954 3304 125 58 an
1133 3270 87 96 d'
1283 3270 283 100 Reih.

1012 3437 325 96 Jules:
1404 3441 129 96 Es
1595 3454 275 108 grüst
1937 3445 175 96 m'r
2179 3450 337 95 schun.

1008 3600 471 100 Madame
1525 3608 454 100 Schmidt
2033 3616 313 113 (stellt
2383 3616 279 96 Jules
2716 3629 255 112 vor):
3025 3625 150 95 Do
3229 3629 146 91 d'r
3425 3629 329 96 Hoch-

762 3737 296 88 zitter
1145 3766 200 59 vun
1429 3741 379 88 minere
1895 3737 484 100 Dochter:
2475 3745 579 105 „Monsieur
3150 3754 308 112 Jules,
3554 3795 196 55 em-

762 3854 408 96 brassez
1233 3858 458 96 madame
1758 3862 96 96 la
1925 3870 571 113 générale!”
2579 3870 417 121 (Drängt
3029 3879 321 96 .Jules
3421 3891 95 84 in
3591 3883 159 96 die

754 3979 312 96 Arme
1137 4020 200 59 von
1404 3987 458 121 Ammej.)

1000 4145 416 121 Ropfer:
1495 4154 250 96 Gott
1812 4158 188 96 soll
2070 4162 388 96 wache!
2537 4166 292 96 Glich
2900 4208 212 58 wur
3183 4175 158 91 ich
3412 4187 334 83 unseri

750 4270 554 100 Wäschere
1370 4279 509 100 schmutze
1937 4287 400 96 muehn!

1000 4454 470 100 Madame
1550 4462 487 96 Schmidt:
2183 4470 183 109 „Et
2441 4479 267 87 voici
2783 4512 229 58 mon
3091 4479 359 96 fiancé!
3533 4483 208 92 An-

754 4587 304 104 toine,
1125 4583 570 100 embrassez
1758 4604 292 83 votre
2125 4595 691 96 belle-mère!“

991 4758 729 125 Schampetiss:
1775 4770 154 96 Dü
1954 4762 521 108 brüchsch
2529 4779 225 96 dich
2808 4791 142 88 nit
3008 4825 108 58 ze
3171 4791 566 96 scheniere!

750 4883 508 121 (Madame
1333 4891 450 100 Schmidt
1858 4900 200 95 und
2129 4900 458 100 Susanne
2666 4908 442 121 drängen
3183 4916 383 117 Ropfer
3641 4925 96 87 in

745 5012 163 96 die
991 5012 313 100 Arme
1387 5020 513 117 Ammejs.)

991 5179 688 125 Schampetiss
1741 5195 246 113 (sich
2045 5195 163 96 die
2266 5200 355 100 Hände
2683 5204 496 125 reibend):
3250 5212 250 92 Mini
3558 5212 179 96 Alt

741 5300 221 100 hett
1041 5304 417 104 Massel!
