1 1
1739 292 746 146 - 41 -

561 520 172 96 auf
819 529 326 89 einem
1233 561 128 61 an
1441 527 182 97 der
1699 529 338 97 Wand
2115 531 268 97 links
2462 533 607 122 hängenden
3150 541 445 93 Frauen-

561 648 371 98 bildnis
998 650 384 98 haften.
1448 653 167 99 Sie
1686 667 316 88 stösst
2069 665 299 88 einen
2432 663 354 96 Schrei
2853 702 179 58 aus
3099 671 204 91 und
3369 705 230 58 ver-

560 786 162 88 rät
802 800 350 99 grosse
1227 781 666 123 Aufregung.)

813 934 330 97 Jules:
1206 939 246 97 Was
1510 941 270 97 hann
1846 943 197 109 Sie,
2109 944 547 98 Madame?

813 1091 504 99 Susanne:
1391 1095 247 99 Was
1709 1096 342 114 hesch,
2133 1101 630 110 „maman“?!

812 1246 483 98 Madame
1370 1249 459 97 Schmidt
1912 1255 392 117 (deutet
2387 1258 171 92 auf
2637 1259 183 96 das
2900 1260 300 119 Bild):
3296 1262 299 111 „Mon

557 1373 300 101 Dieu!
928 1375 250 97 Mon
1239 1376 365 101 Dieu!“
1678 1379 341 121 (Einer
2090 1381 571 99 Ohnmacht
2728 1389 267 117 nah.)
3070 1391 245 95 Was
3382 1393 217 92 isch

560 1503 208 97 diss
836 1504 158 97 for
1073 1543 54 59 e
1198 1506 254 110 Bild,
1527 1516 196 89 wie
1798 1510 387 97 kummt
2256 1516 208 93 diss
2535 1513 226 97 Bild
2835 1515 126 96 do
3036 1516 359 97 here?!
3473 1577 125 13 -

813 1658 501 99 Susanne:
1398 1662 566 112 „Maman“,
2047 1706 113 55 ze
2238 1670 255 93 redd
2576 1668 297 97 doch!
2956 1670 246 97 Was
3284 1671 310 97 hesch

559 1786 267 97 denn
847 1791 50 92 ?

812 1942 484 98 Madame
1379 1946 492 97 Schmidt:
1971 1948 237 113 „Ma
2300 1949 233 110 fille,
2629 1989 163 58 ma
2883 1952 304 117 chère
3279 1952 313 99 fille!“

565 2074 234 116 (Für
854 2072 279 121 ‘sich)
1232 2073 322 112 „Quel
1645 2077 555 95 émotion!“
2286 2137 134 12 —
2507 2079 175 114 (Zu
2770 2077 497 123 Susanne)
3361 2079 231 97 Diss

556 2199 221 95 isch
864 2209 206 84 min
1161 2202 478 107 Portrait,
1736 2209 196 88 wie
2028 2202 163 96 ich
2286 2214 450 108 zwanzig
2835 2206 251 96 Johr
3186 2208 142 96 alt
3420 2209 178 96 bin

560 2332 246 111 gsin,
856 2346 171 74 un
1106 2335 192 87 wie
1387 2400 245 44 …,
1714 2335 196 90 wie
1994 2332 187 91 soll
2261 2333 162 92 ich
2506 2335 263 92 mich
2856 2347 738 83 numme-n-üs-

552 2453 462 97 drucke?
1110 2532 182 32 ...
1384 2494 54 55 e
1513 2471 356 108 gueter
1939 2456 376 97 Friend
2385 2496 205 58 vun
2665 2468 186 87 mir
2926 2463 376 118 gemolt
3373 2464 224 96 hett

551 2590 107 88 in
738 2583 288 97 Paris
1117 2660 205 24 ...
1413 2623 55 56 e
1555 2587 400 110 Friend,
2043 2594 196 89 wie
2322 2589 971 99 verscholle-n-isch
3370 2665 201 32 ...

551 2710 166 97 Un
783 2716 246 109 jetzt
1100 2713 217 94 find
1387 2712 163 96 ich
1625 2713 208 96 diss
1904 2714 450 97 Portrait
2429 2716 125 97 do
2629 2718 425 94 widder.
3138 2717 204 120 (Sie
3417 2718 175 97 hat

550 2838 625 97 inzwischen
1245 2840 180 96 das
1499 2841 225 96 Bild
1795 2877 204 58 von
2062 2844 183 93 der
2313 2842 332 99 Wand
2716 2865 600 99 genommen
3388 2847 204 95 und

549 2965 658 120 betrachtet.)
1298 2965 297 97 Kenn
1682 2967 446 111 Zwiefel:
2224 3007 108 59 es
2419 2968 330 113 isch's,
2845 3006 107 59 es
3040 2971 338 96 isch's!
3466 3031 128 13 -

557 3095 178 116 (Zu
815 3092 325 121 Jules)
1219 3093 366 98 Könne
1665 3096 170 96 Sie
1910 3103 184 87 mir
2169 3096 437 97 verlicht
2690 3133 341 75 saaue,
3111 3104 195 88 wie
3381 3097 209 97 diss

551 3220 229 100 Bild
847 3222 126 95 do
1043 3223 246 96 here
1359 3224 456 93 kummt?

805 3391 333 98 Jules:
1213 3393 166 97 Ich
1451 3393 563 113 vermueth,
2093 3432 104 58 es
2275 3395 388 121 g'höert
2735 3401 129 88 im
2938 3412 549 99 „patron“.

804 3562 484 98 Madame
1378 3562 497 97 Schmidt:
1967 3565 299 108 Guet,
2354 3563 234 99 hole
2678 3564 168 97 Sie
2937 3573 184 85 mir
3209 3563 145 96 uff
3442 3564 146 96 d'r

532 3690 280 97 Stell
874 3691 225 97 Ihre
1166 3703 530 106 „patron“
1724 3692 129 96 do
1924 3693 275 93 here.

802 3846 292 93 Jules
1152 3848 193 116 (für
1398 3850 292 116 sich):
1756 3846 309 113 „Mon
2119 3844 367 97 Dieu!“
2536 3846 175 96 D'r
2769 3846 529 119 „patron“!
3357 3839 229 104 Diss

551 3974 221 96 thät
847 3973 243 119 grad
1160 3974 263 95 noch
1493 3975 312 92 fehle!

804 4127 480 96 Madame
1355 4126 496 98 Schmidt:
1930 4127 170 95 Ich
2171 4162 338 62 muess
2581 4135 332 101 wisse,
2989 4163 158 58 wo
3226 4125 74 96 'r
3376 4126 208 96 diss

550 4257 225 97 Bild
846 4258 245 97 here
1163 4256 250 97 hett.
1484 4319 129 10 —
1676 4255 390 127 „Allez,
2142 4253 933 121 dépéchez=vous!“

803 4412 330 96 Jules:
1216 4411 342 112 „C’est
1633 4446 225 83 que,
1937 4447 104 59 er
2116 4412 217 92 isch
2405 4418 466 88 verreist.

802 4580 484 97 Madame
1352 4579 496 99 Schmidt:
1920 4581 529 96 Verreist?
2519 4642 129 10 —
2711 4581 313 96 Furt?
3099 4579 155 96 Do
3323 4582 263 94 wich

547 4711 163 95 ich
765 4717 145 88 nit
965 4744 233 58 vum
1252 4707 346 110 Fleck,
1661 4709 154 93 bis
1877 4709 75 93 ’r
2010 4708 376 96 zeruck
2444 4709 246 93 isch.
2753 4706 187 97 Die
3003 4708 265 96 Sach
3328 4706 257 96 trifft

547 4837 217 95 sich
814 4875 112 58 so
976 4844 196 87 wie
1231 4873 112 59 so
1396 4850 268 107 guet.
1714 4834 171 96 Ich
1939 4869 271 59 wurr
2260 4870 204 59 vun
2514 4831 146 99 d'r
2718 4832 575 117 Gelejeheit
3347 4868 234 83 pro-

546 4961 363 111 fitiere,
1021 4963 155 93 for
1284 4963 525 96 üsserdem
1917 4959 971 119 Noochforschunge
2993 4959 349 97 nooch
3434 4956 150 95 d'r

545 5091 354 96 Famili
971 5126 200 59 vun
1238 5095 232 88 mim
1541 5089 351 96 Babbe
1959 5127 116 58 ze
2146 5088 384 108 mache,
2605 5094 196 88 wie
2867 5098 117 84 üs
3058 5087 242 96 dere
3379 5085 201 96 Ge-

545 5221 234 111 jend
849 5230 425 83 stamme
1345 5216 217 96 soll.
1633 5215 458 98 Verlicht
2162 5215 208 96 lebt
2441 5214 263 96 noch
2770 5222 317 88 iemes
3158 5250 200 59 vun
3433 5210 150 100 d'r

544 5345 355 96 Famili
970 5381 203 58 vun
1244 5345 225 95 dem
1540 5346 234 106 alte,
1845 5344 454 118 würdige
2369 5340 568 119 „général“.
