1 1
1860 327 700 104 - 43 -

944 545 392 122 Ropfer
1403 552 258 113 (tritt
1723 550 321 99 durch
2103 552 162 113 die
2328 551 512 99 Mitteltür
2907 564 192 88 ein.
3157 556 133 95 Er
3353 557 388 117 spricht

695 710 175 59 zur
936 675 268 99 Türe
1262 677 441 120 hinaus):
1773 679 335 96 Wenn
2170 681 163 95 ich
2395 680 246 116 Ejch
2707 683 263 95 doch
3037 718 204 75 saa,
3312 687 163 93 ich
3541 686 200 96 hab

691 802 276 95 kenn
1059 803 332 99 Kohle
1479 805 416 112 b'stellt,
1999 806 71 97 ‘s
2166 810 218 95 isch
2480 808 700 105 e-n-Irrthum!
3287 809 463 123 (Schlägt

696 933 414 93 wütend
1184 932 162 96 die
1417 931 267 99 Türe
1763 938 187 115 zu.)
2025 936 359 96 Nierix
2455 938 275 95 kenn
2796 937 350 123 Ruehj.
3221 938 530 99 Uewerall

696 1059 289 96 wurd
1047 1058 183 96 m'r
1293 1064 442 116 verfoljt.
1810 1063 170 116 (Er
2047 1065 234 117 geht
2347 1067 171 93 auf
2585 1067 162 96 die
2817 1065 468 100 Staffelei
3352 1105 120 58 zu
3539 1069 213 96 und

697 1189 204 95 will
985 1192 163 91 die
1231 1190 401 96 Palette
1719 1191 538 118 ergreifen,
2410 1200 101 113 in
2597 1194 593 96 demselben
3278 1196 469 96 Moment

694 1317 429 121 klingelt
1211 1319 179 93 der
1477 1318 600 120 Telephon.)
2170 1318 371 114 „Bon“,
2632 1329 242 109 jetzt
2965 1319 779 120 telephoniert's

694 1446 429 96 widder!
1195 1445 275 121 (Will
1536 1447 167 96 auf
1766 1450 196 92 den
2023 1447 531 121 Telephon
2612 1453 158 113 zu)
2840 1448 247 96 Was
3148 1451 289 94 wurd
3498 1458 282 116 jetz

691 1572 393 96 widder
1162 1574 154 96 los
1396 1576 266 96 sin?!

950 1729 2800 138 Jules
950 1729 2800 138 (vor
950 1729 2800 138 Entsetzen
950 1729 2800 138 zitternd):
950 1729 2800 138 Nix‚
950 1729 2800 138 „patron“‚

700 1859 357 109 sicher
1119 1859 239 113 nix‚
1389 1859 132 136 's
1565 1859 248 131 isch
1844 1859 163 113 for
2097 1859 325 109 mich.
2484 1859 523 136 (Schlüpft
3056 1859 306 130 eilig
3394 1859 158 163 in
3579 1859 167 127 die

694 1984 1014 140 Telephonkabine.)
1766 1984 185 140 Sie )
2023 1984 595 158 exküsiere!
2685 1984 275 135 (Ab.)

932 2155 392 123 Ropfer
1391 2165 774 121 (verwundert):
2233 2165 170 99 Ich
2462 2176 307 90 weiss
2833 2190 178 101 gar
3069 2181 176 103 nit,
3311 2183 197 88 wie
3566 2174 192 96 m'r

695 2293 204 87 min
987 2288 441 98 Commis
1512 2292 616 98 vorkummt.
2216 2294 167 117 (Er
2470 2299 442 96 erblickt
2995 2302 180 96 das
3262 2301 171 96 auf
3516 2304 234 95 dem

699 2414 301 96 Tisch
1079 2417 471 120 liegende
1629 2418 259 98 Bild.
2041 2420 130 99 Er
2254 2431 355 90 nimmt
2692 2462 104 58 es
2879 2436 100 88 in
3063 2431 162 95 die
3309 2430 433 123 Hände.)

682 2543 486 108 „Tiens“,
1271 2552 193 88 wie
1572 2547 391 98 kummt
2067 2557 246 109 jetzt
2425 2555 205 96 diss
2742 2554 226 99 Bild
3046 2560 126 95 do
3260 2561 483 96 erunter?

701 2672 642 118 (Betrachtet
1415 2711 107 61 es
1590 2684 274 115 innig
1939 2682 204 92 und
2214 2681 329 99 seufzt
2614 2683 183 96 tief
2869 2686 237 120 auf.)
3185 2688 330 96 Wenn
3585 2690 167 96 ich

698 2835 129 59 an
906 2800 167 96 die
1160 2803 263 96 Zitte
1510 2807 692 112 zeruckdenk,
2285 2844 159 62 wo
2527 2812 163 97 ich
2773 2811 208 100 diss
3061 2814 229 96 Bild
3369 2820 387 117 gemolt

695 2926 200 96 hab
994 2963 133 58 un
1227 2928 147 96 als
1474 2931 341 95 Moler
1916 2933 458 99 Antoine
2473 2937 439 97 Müllère
3023 2939 72 97 ‘s
3199 2942 554 110 „Quartier

699 3052 358 99 Latin“
1145 3060 475 93 unsicher
1707 3045 468 135 gemacht
2266 3065 237 95 hab!
2620 3129 129 12 —
2862 3070 291 94 Armi
3241 3072 505 96 Susanne!

700 3182 246 99 Was
1021 3221 337 61 muess
1433 3197 117 88 üs
1629 3188 154 96 dir
1854 3226 338 61 worre
2275 3197 221 92 sin?
2579 3255 129 12 —
2792 3195 350 117 (Küsst
3221 3201 179 92 das
3483 3200 263 120 Bild)

704 3311 71 91 's
851 3313 217 95 isch
1151 3354 53 54 e
1283 3315 259 96 liebs
1618 3314 391 99 Maidel
2088 3319 288 121 g'sin!

951 3481 483 98 Madame
1564 3485 462 98 Schmidt
2156 3490 353 117 (durch
2634 3496 163 91 die
2927 3495 308 95 Mitte
3364 3497 387 97 herein.

695 3611 940 100 Freudestrahlend
1710 3617 442 98 erblickt
2223 3627 146 87 sie
2440 3622 159 95 die
2669 3621 405 119 Szene):
3152 3622 329 113 „Mais
3552 3632 200 104 oui,

703 3739 250 97 c'est
1031 3742 239 95 bien
1345 3744 174 95 lui!
1611 3743 509 123 (Freudig)
2199 3748 496 95 Antoine!

953 3909 388 121 Ropfer
1433 3914 250 114 (sich
1766 3915 633 96 umdrehend
2479 3917 203 96 und
2762 3916 438 98 beinahe
3287 3926 96 87 in
3474 3917 272 100 Ohn-

700 4039 338 96 macht
1116 4040 459 116 fallend)
1720 4040 358 119 „Mon
2107 4040 642 109 Dieu!...
2812 4045 231 96 su
3009 4122 224 26 ...
3322 4046 467 114 su...

701 4168 496 111 Susanne,
1280 4169 292 109 bisch
1655 4167 217 96 dü's
1955 4166 250 96 oder
2288 4168 300 96 isch's
2676 4171 171 96 din
2930 4170 538 98 Geischt?!

952 4337 483 96 Madame
1531 4334 496 99 Schmidt:
2227 4339 492 95 „Antoine!
2852 4337 250 99 Mon
3198 4343 241 92 cher
3531 4342 217 96 An-

699 4471 320 92 toine!“
1161 4466 158 109 Ja,
1394 4465 158 96 ich
1627 4463 296 97 bin's!
2007 4465 496 118 (Umarmt
2573 4467 172 92 ihn
2815 4468 609 120 stürmisch.)

957 4633 388 122 Ropfer
1465 4635 193 118 (für
1740 4637 289 117 sich):
2182 4636 230 95 Diss
2495 4638 221 92 hett
2795 4642 246 112 jetzt
3154 4639 246 117 grad
3483 4641 267 92 noch

704 4764 387 122 g'fehlt!
1154 4825 129 12 —
1341 4762 160 96 Un
1566 4760 146 97 d'r
1780 4762 315 97 ander
2162 4770 129 87 im
2358 4762 567 118 Telephon!

955 4926 479 100 Madame
1509 4929 496 98 Schmidt:
2151 4929 466 98 Endlich!
2697 4932 462 95 Endlich!
3238 4933 250 93 Find
3567 4932 188 97 m'r

702 5064 216 93 sich
985 5058 421 97 widder.

957 5233 425 118 Ropfer:
1453 5206 154 138 Ja,
1627 5198 451 133 endlich
2143 5235 214 93 find
2419 5230 180 97 m'r
2661 5232 213 97 sich
2936 5231 428 96 widder!

957 5388 480 102 Madame
1503 5388 492 97 Schmidt:
2069 5387 264 111 Gelt,
2403 5423 212 58 was
2686 5425 50 55 e
2803 5386 512 96 Glüeck?!
