1 1
1690 274 164 143 —
1947 262 163 135 91
2239 266 151 163 —

800 454 462 162 Madame
1395 495 413 117 Ropfer:
1937 500 129 91 So
2191 537 50 54 e
2362 500 484 116 Feigheit!
2979 495 575 121 (Schüttelt

558 625 412 116 Ropfer)
1120 625 134 95 So
1329 625 308 95 hesch
1712 625 129 91 dü
1925 625 225 95 dich
2266 625 142 95 als
2521 625 266 95 leddi
2904 620 604 125 uffg’spielf?

566 750 409 116 (Ropfer
1041 750 275 116 fängt
1387 787 125 58 an
1579 787 121 54 zu
1770 750 680 116 schnarchen.)

841 900 467 95 Madame
1358 900 446 95 Schmidt
1854 904 512 116 (schüttelt
2416 904 167 96 ihn
2629 904 167 96 auf
2850 908 171 92 der
3075 908 441 92 anderen

558 1029 350 116 Seite):
975 1029 191 108 Ah,
1237 1066 108 59 so
1412 1029 308 91 hesch
1787 1029 125 91 dü
1975 1029 258 96 mich
2304 1029 800 116 ang'schmiert?!
3175 1033 162 92 Ah
3400 1066 112 63 so

554 1154 437 96 raucht's
1050 1162 175 88 mit
1287 1158 342 92 dinere
1691 1141 350 109 Lieb?!
2116 1158 217 146 (Als
2391 1158 471 92 Antwort
2929 1158 354 117 erfolgt
3354 1166 158 84 ein

558 1279 392 96 starkes
1012 1279 704 116 Schnarchen.)

808 1433 450 92 Susanne
1379 1433 512 100 (schüttelt
1979 1433 354 117 Jules):
2491 1433 184 108 Ah,
2800 1470 104 59 so
2991 1437 305 92 hesch
3383 1433 133 92 dü

562 1562 325 92 hinter
1000 1566 229 84 mim
1341 1558 350 96 Rucke
1779 1595 50 55 e
1916 1562 463 113 doppelts
2500 1558 300 117 Spiel
2887 1558 625 117 getriwwe?!

562 1683 317 96 Redd!
950 1683 504 96 Antwort!

808 1837 467 96 Madame
1350 1837 441 96 Schmidt
1879 1845 150 100 (zu
2108 1837 450 121 Ropfer):
2641 1837 188 108 Ah,
2908 1820 121 109 do
3116 1837 396 117 d'rwäje

558 1975 150 83 sin
800 1966 87 92 d'
970 1966 363 92 Barble
1416 1962 688 117 newe-n-Ejch
2187 1962 734 117 üsgebroche?!

808 2120 450 92 Susanne
1320 2125 155 108 (zu
1529 2116 354 117 Jules):
1937 2116 192 109 Ah,
2183 2116 129 92 do
2366 2112 396 117 d'rwäje
2821 2116 387 92 hawich
3258 2116 258 92 mich

562 2241 325 103 vor'm
973 2241 613 95 Kontrolleur
1666 2241 538 92 verstecke
2279 2241 467 92 muehn?!
2821 2300 125 12 —

808 2408 467 92 Madame
1325 2404 475 112 Schmidt,
1858 2404 467 96 Madame
2379 2404 375 116 Ropfer
2808 2408 196 92 und
3066 2404 450 96 Susanne
2808 2408 196 92 und

570 2533 534 117 (schütteln
1175 2533 279 92 Jules
1529 2533 196 92 und
1791 2533 375 117 Ropfer
2237 2541 175 84 mit
2487 2533 246 92 aller
2804 2529 421 121 Macht):
3304 2529 208 96 Uff-

566 2658 488 117 gewacht!

570 2812 409 117 (Ropfer
1062 2812 196 92 und
1345 2812 280 92 Jules
1720 2808 613 96 schnarchen
2416 2816 380 109 weiter,
2887 2808 159 92 die
3133 2804 383 96 Damen

562 2937 338 92 fassen
970 2937 163 92 die
1208 2933 362 96 beiden
1645 2933 259 96 noch
1979 2933 487 117 kräftiger
2546 2966 150 59 an.
2771 2929 204 96 Das
3054 2929 462 116 folgende

1104 3058 246 96 wird
1416 3058 792 96 durcheinander
2279 3058 683 117 gesprochen.)

812 3225 467 91 Madame
1358 3225 417 116 Ropfer:
1920 3225 626 116 Uffgewacht
2633 3262 125 54 un
2783 3225 733 91 Recheschaft

566 3350 466 120 abgeleit!

808 3504 471 96 Madame
1354 3504 479 91 Schmidt:
1975 3500 629 125 Uffgewacht
2683 3537 121 54 un
2883 3500 388 95 Excüse
3354 3520 162 96 ge-

566 3633 363 92 macht!

812 3783 488 92 Susanne:
1358 3779 625 116 Uffgewacht
2041 3816 130 54 un
2225 3733 341 167 g'saat,
2633 3783 121 87 ob
2816 3783 125 87 dü
3000 3750 250 120 mich
3312 3779 204 91 hie-

566 3908 284 92 rothe
912 3912 221 88 witt
1195 3908 238 92 oder
1495 3908 180 92 nit!

816 4054 463 96 Madame
1345 4054 413 116 Ropfer:
1825 4054 129 141 So
2029 4091 46 59 e
2129 4054 779 91 Duckelmüser!

812 4208 463 96 Madame
1354 4208 479 92 Schmidt:
1916 4204 134 100 So
2137 4241 50 59 e
2271 4204 758 116 schienheiliger
3108 4204 413 96 Patron!

812 4366 492 92 Susanne:
1366 4362 138 104 So
1575 4395 50 59 e
1695 4358 651 96 Schwindler!

575 4516 500 117 (Madame
1162 4516 400 113 Ropfer,
1650 4512 462 92 Madame
2200 4508 441 96 Schmidt
2754 4508 196 92 und
3071 4454 436 176 Susanne

570 4645 330 92 fassen
966 4654 346 91 erneut
1370 4637 375 117 Ropfer
1804 4637 312 92 bezw.
2175 4633 283 104 Jules
2521 4666 120 59 an
2666 4633 234 92 und
2962 4633 559 121 versuchen

1429 4766 291 92 beide
1787 4758 854 112 wachzurütteln.)

812 4929 467 96 Madame
1333 4929 403 115 Ropfer,
1791 4925 467 91 Madame
2312 4920 446 96 Schmidt
2816 4925 196 87 und
3066 4920 455 92 Susanne
2816 4925 196 87 und

575 5058 637 117 (entmutigt):
1283 5054 162 91 Nit
1512 5054 283 91 wach
1858 5087 117 58 ze
2045 5050 376 112 bringe!
2491 5045 284 92 Alles
2841 5041 680 96 umesunscht!

1037 5191 408 117 (Ropfer
1508 5191 192 92 und
1762 5187 275 96 Jules
2100 5187 612 92 schnarchen
2771 5183 275 117 laut.)
