1 1
1690 274 164 143 —
1947 262 163 135 93
2239 266 151 163 —

787 529 496 116 Susanne:
1341 529 184 96 Als
1587 491 296 153 druft!

791 679 471 96 Madame
1325 679 416 121 Ropfer:
1812 683 329 96 Heute
2208 708 342 96 grosse
2616 687 771 96 Heilsschlacht!

787 833 471 96 Madame
1320 837 488 96 Schmidt:
1875 837 266 96 Zwei
2208 837 417 96 Seelen
2633 875 171 58 zur
2871 841 462 96 Strecke!

787 991 496 92 Susanne:
1341 991 534 113 Halleluja!
1933 1054 125 12 —

791 1141 263 96 Jean
1150 1145 533 117 (atemlos):
1783 1145 754 109 Aufzuwarten,
2637 1150 159 91 ich
2887 1150 267 91 kann
3250 1150 271 91 nicht

533 1270 325 92 mehr!

795 1425 330 91 Marie
1187 1425 754 116 (desgleichen):
2012 1425 167 95 Ich
2241 1425 171 95 bin
2475 1425 546 116 erschöpft!

791 1575 475 95 Madame
1345 1579 417 116 Ropfer:
1845 1579 301 108 Here,
2229 1587 183 88 mir
2496 1583 179 92 nit!
2775 1579 400 116 (Nimmt
3262 1579 259 96 Jean

541 1704 196 91 den
812 1704 421 116 Klopfer
1308 1704 192 116 ab.)

795 1858 471 92 Madame
1320 1858 488 92 Schmidt:
1879 1858 146 96 Un
2079 1866 183 84 mir
2316 1895 117 55 au
2491 1862 184 92 nit!
2746 1858 400 117 (Ninmt
3200 1858 325 96 Marie

550 1987 191 92 den
800 1983 425 121 Klopfer
1291 1983 192 117 ab.)

791 2137 296 96 Jean:
1162 2137 767 129 Aufzuwarten!
2012 2137 271 117 (Hält
2354 2137 383 117 Ropfer
2808 2137 263 117 fest.)

795 2287 367 96 Marie:
1220 2291 138 92 Zu
1416 2291 400 96 dienen!
1883 2270 271 125 (Hält
2208 2325 571 58 zusammen
2833 2300 179 83 mit
3075 2291 450 96 Susanne

550 2416 283 92 Jules
895 2416 263 113 fest.)

795 2570 471 92 Madame
1350 2566 379 121 Ropfer
1820 2570 200 117 (auf
2108 2570 379 117 Ropfer
2579 2570 633 117 einhauend):
3366 2570 155 92 Do

541 2695 309 96 hesch
908 2695 125 96 dü
1095 2695 446 150 „english
1600 2695 416 117 spoken,
2079 2704 308 83 mixte
2446 2695 416 117 pickles,
2925 2708 596 129 worcester-

545 2825 338 91 sauce!
945 2820 280 96 Time
1279 2829 83 87 is
1420 2825 588 112 monay!
1869 2816 128 128 —

791 2975 471 91 Madame
1325 2970 450 134 Schmidt
1841 2975 204 116 (auf
2108 2975 283 91 Jules
2458 2975 638 116 einhauend):
3171 3045 50 38 „
3229 2970 292 113 Voilà

550 3100 125 95 du
766 3100 750 116 plumpudding!
1616 3100 221 91 God
1929 3133 242 58 save
2258 3100 125 91 de
2471 3100 412 104 Queen.
2975 3100 329 129 Voilà
3391 3100 130 91 du

537 3229 296 91 made
895 3233 96 87 in
1058 3225 608 116 Germany!
1632 3221 44 128 "
1725 3287 125 8 —

683 3379 504 116 (Madame
1262 3379 375 112 Ropfer
1720 3379 205 91 und
1991 3379 471 91 Madame
2541 3375 446 100 Schmidt
3062 3375 342 95 halten

1600 3504 508 116 erschöpft
2179 3508 296 112 inne.)

800 3666 470 92 Madame
1333 3666 421 117 Ropfer:
1820 3666 71 92 ‘s
1950 3679 283 79 nutzt
2291 3666 246 92 alles
2600 3670 225 88 nix!

800 3820 475 92 Madame
1350 3820 487 92 Schmidt:
1920 3820 242 92 Was
2237 3820 342 92 thuen!
2666 3820 242 92 Was
2991 3820 342 92 thuen!

791 3983 296 92 Jean:
1166 3983 763 92 Aufzuwarten!
2008 3983 567 104 Vielleicht,
2654 4016 296 67 wenn
3021 4016 229 59 man
3325 3954 196 121 den

550 4091 670 117 Schlafenden
1316 4116 296 84 einen
1700 4104 479 96 Eiskübel
2271 4104 525 96 aufsetzen
2887 4095 375 105 wurde.
3354 4104 167 96 Ich

545 4233 259 96 habe
870 4233 367 121 gerade
1295 4233 388 92 welche
1741 4229 167 96 bei
1979 4233 175 92 der
2216 4233 317 92 Hand.

795 4400 471 91 Madame
1320 4395 413 117 Ropfer:
1804 4395 150 109 Ja,
2016 4395 267 92 laufe
2346 4395 162 96 Sie
2571 4429 129 58 un
2758 4395 225 92 hole
3046 4395 166 100 Sie
3275 4379 254 141 zwei

550 4525 520 108 Iskuewel,
1141 4525 404 95 tummle
1612 4520 167 100 Sie
1845 4520 242 96 sich.

791 4675 300 95 Jean:
1162 4675 763 95 Aufzuwarten!
2004 4675 262 116 (Ab.)

795 4829 367 96 Marie:
1229 4829 137 96 Zu
1429 4829 396 96 dienen!
1904 4825 262 120 (Ab.)
3550 4962 4 4 _

795 4991 471 92 Madame
1337 4987 483 96 Schmidt:
1966 4987 296 117 Zehje
2337 4987 175 92 m'r
2596 4987 150 92 'ne
2800 4987 283 117 glich
3129 4975 392 104 d'Hüet

545 5154 134 62 un
758 5116 87 92 d'
925 5116 900 104 Parrüecke-n-ab,
1941 5112 172 112 for
2215 5112 221 95 dass
2525 5112 75 92 ‘s
2679 5112 496 92 schneller
3258 5108 263 121 geht.

554 5241 271 121 (Man
900 5245 262 92 zieht
1233 5241 192 92 den
1495 5237 671 100 Schlafenden
2233 5241 163 92 die
2466 5237 263 96 Hüte
2800 5237 191 92 und
3062 5237 163 92 die
3291 5237 230 92 Per-
