1 1
1345 1604 1041 204 2. Aufzug

316 2004 442 100 Zimmer
816 2012 342 96 neben
1216 2012 184 125 der
1454 2016 600 121 Apotheke,
2112 2021 284 100 Vorn
2450 2029 350 100 rechts
2862 2033 209 100 und
3125 2033 275 100 links

320 2141 96 113 je
483 2141 229 92 eine
779 2137 233 96 Tür.
1075 2141 387 100 Hinten
1516 2146 275 95 links
1858 2154 229 92 eine
2154 2150 237 96 Tür.
2454 2154 533 125 Ungefähr
3046 2171 104 87 in
3216 2166 184 96 der

312 2262 317 96 Mitte
670 2266 184 92 der
887 2266 338 96 Wand
1270 2271 350 100 rechts
1675 2283 229 88 eine
1958 2287 817 121 vorspringende
2812 2287 588 125 Telephon-

320 2387 421 121 kabine;
833 2396 500 112 daneben,
1416 2400 184 96 der
1679 2404 479 100 hinteren
2237 2412 338 96 Wand
2658 2454 150 75 zu,
2896 2425 179 92 ein
3137 2421 259 100 Fen-

325 2533 245 84 ster.
637 2521 108 96 In
804 2525 179 96 der
1045 2525 309 100 Mitte
1412 2529 358 100 hinten
1837 2542 225 91 eine
2120 2537 617 125 Doppeltür.
2800 2546 212 100 Der
3071 2550 329 100 Raum

320 2654 138 92 ist
525 2662 175 109 gut
766 2650 588 125 bürgerlich
1420 2662 513 96 möbliert.
2004 2667 112 95 In
2187 2667 184 100 der
2437 2671 309 100 Mitte
2825 2683 162 88 ein
3062 2679 334 113 Tisch,

325 2779 479 96 dahinter
875 2787 166 92 ein
1104 2783 366 113 Divan,
1537 2787 275 100 links
1879 2792 204 100 und
2154 2796 346 100 rechts
2571 2796 391 104 Stühle.
3033 2804 367 100 Neben

325 2904 187 96 der
587 2904 271 100 Türe
929 2908 358 100 hinten
1366 2921 167 87 ein
1612 2917 404 100 kleines
2095 2921 605 121 Tischchen,
2775 2929 379 100 darauf
3233 2942 167 91 ein

329 3067 216 62 zum
633 3033 354 100 Malen
1062 3042 967 120 zurechtgestelltes
2108 3050 538 117 Stilleben,
2729 3054 354 117 davor,
3166 3062 234 96 dem

316 3158 442 100 Fenster
841 3200 150 75 zu,
1083 3175 229 87 eine
1400 3171 504 100 Staffelei.
1987 3175 217 100 Auf
2287 3179 188 96 der
2558 3183 471 100 Staffelei
3121 3192 275 95 steht

325 3296 233 91 eine
633 3292 587 116 Leinwand,
1304 3300 171 96 auf
1554 3300 179 96 der
1816 3304 184 96 das
2079 3304 508 104 Stilleben
2662 3317 492 95 skizziert
3229 3325 162 92 ist.

233 3421 258 154 An
537 3421 196 96 den
762 3425 471 96 Wänden
1283 3429 404 121 hängen
1708 3433 725 125 Zeichnungen
2483 3446 204 91 und
2737 3442 375 116 Bilder,
3171 3450 229 96 dar-

325 3562 304 121 unter
695 3562 167 88 ein
925 3554 875 125 Damenportrait.
1870 3567 334 96 Wenn
2271 3567 179 100 der
2516 3571 484 125 Vorhangs
3066 3583 100 92 in
3233 3579 167 96 die

320 3679 300 96 Höhe
675 3683 270 121 geht,
1008 3688 275 95 steht
1333 3688 396 120 Ropfer
1779 3700 183 88 mit
2012 3696 546 100 mehreren
2608 3700 796 104 Handwerkern

1091 3850 192 63 vor
1345 3817 184 96 der
1591 3817 588 104 Mitteltüre
2246 3825 383 100 hinten.

583 4021 429 121 Ropfer:
1125 4029 229 96 Wie
1433 4029 354 121 g'saat,
1870 4033 75 96 ‘s
2025 4038 221 95 isch
2325 4042 696 100 e-n-Irrthum.
3104 4046 292 96 Alles

325 4150 754 104 e-n-Irrthum.
1175 4158 237 96 Diss
1495 4167 159 87 sin
1733 4163 254 95 alles
2070 4167 180 96 alti
2333 4167 354 112 Karte,
2771 4179 200 88 wie
3062 4171 75 96 'r
3216 4175 180 96 be-

320 4275 417 104 kumme
795 4283 230 117 han,
1087 4321 133 62 un
1279 4296 200 87 wie
1545 4288 146 95 d’r
1754 4292 517 121 simplicht
2337 4296 700 121 Schampetiss
3104 4308 100 88 in
3271 4304 125 96 de

320 4404 463 109 Kaschte
837 4417 454 116 geworfe
1350 4417 220 96 hett
1625 4433 391 84 anstatt
2070 4458 417 63 se-n-an
2546 4425 150 96 d'r
2750 4429 379 96 Poscht
3187 4467 209 62 um-

329 4538 521 95 zetüsche.

587 4700 354 100 Erster
1000 4708 758 109 Handwerker:
1829 4721 450 112 „Enfin“,
2341 4729 180 92 nix
2583 4725 158 96 for
2804 4742 412 108 unguet.

591 4875 446 100 Zweiter
1091 4879 759 109 Handwerker:
1970 4892 167 96 Ihr
2200 4896 583 113 exküsiere,
2846 4900 550 96 e-nander-

325 5000 204 100 mol
591 5004 425 100 widder.

583 5175 279 96 Alle:
920 5154 505 146 Buschur‚
1491 5188 276 118 Herr
1791 5188 465 113 Ropfer!
2331 5188 265 152 „Au
2598 5188 487 141 revoir“‚
3127 5188 303 135 Herr

329 5296 421 125 Ropfer.
825 5304 229 125 (Die
1120 5309 721 108 Handwerker
1900 5325 216 117 ab.)

583 5475 392 125 Ropfer
1050 5488 458 116 (wütend
1579 5492 175 96 auf
1816 5492 209 96 und
2095 5492 205 121 ab):
2379 5492 137 96 So
2587 5492 321 117 geht's
2979 5500 246 117 jetzt
3296 5504 104 88 in

333 5604 196 96 eim
595 5604 321 105 Stück
983 5613 208 125 furt
1254 5617 129 96 de
1445 5617 305 100 liewe
1816 5621 300 121 lange
2179 5621 262 100 Daa!
2512 5621 200 100 Nix
2779 5629 200 92 wie
3050 5621 350 100 Hand-
