1 1
1706 229 836 127 - 71 -

828 471 483 101 Madame
1381 463 497 102 Schmidt:
1953 461 237 100 und
2265 492 304 67 wenn
2644 454 171 99 Sie
2890 452 271 100 dann
3236 488 117 62 so
3435 461 172 110 gut

579 610 219 96 sein
857 600 404 111 wollen,
1328 594 200 100 den
1587 591 470 102 Schrank
2115 586 234 100 dort
2407 621 188 63 vor
2658 583 166 96 die
2890 581 384 100 andere
3336 580 271 99 Türe

579 769 120 58 zu
779 729 420 97 rücken.
1283 724 247 99 Man
1612 729 133 89 ist
1824 716 438 121 ruhiger.
2420 710 205 120 (Sie
2712 712 358 96 deutet
3154 709 171 97 auf
3408 708 200 97 den

575 858 463 102 Schrank
1112 856 338 117 links.)

826 1018 305 91 Jean:
1281 1018 770 114 Aufzuwarten,
2210 1030 187 110 gnä
2485 1020 300 97 Frau!
2951 1015 371 121 (Rückt
3409 1016 201 96 den

576 1146 463 98 Schrank
1110 1182 187 59 vor
1365 1148 162 132 die
1601 1147 267 96 Türe
1936 1148 336 120 links.)

827 1317 330 95 Jules:
1211 1316 262 120 Herr
1532 1316 708 115 Oberkellner,
2298 1321 205 93 und
2554 1320 190 109 ich,
2798 1353 213 59 was
3061 1315 542 95 bekomme

577 1447 160 93 ich
807 1443 158 96 für
1037 1453 162 89 ein
1266 1444 496 97 Zimmer?

828 1600 301 96 Jean:
1225 1602 771 114 Aufzuwarten,
2092 1611 192 145 gnä
2370 1601 289 154 Herr,
2721 1599 191 96 für
3008 1597 171 100 Sie
3267 1596 338 96 haben

579 1739 181 88 wir
826 1738 163 88 ein
1050 1731 538 95 reizendes
1650 1730 429 98 Zimmer
2142 1734 508 90 vis-à-vis.
2713 1727 572 95 Reizendes
3350 1721 256 96 Zim-

576 1859 253 96 mer!
901 1858 175 117 (Zu
1143 1856 321 121 Jules)
1535 1860 330 95 Wenn
1930 1857 163 96 ich
2151 1857 334 95 bitten
2551 1854 250 96 darf.
2876 1852 350 121 (Beide
3293 1850 317 96 durch

577 1985 166 96 die
805 1984 306 96 Mitte
1176 1986 196 116 ab)

828 2138 483 96 Madame
1378 2138 459 96 Schmidt
1911 2137 422 120 (Ropfer
2402 2136 664 117 umarmend):
3148 2134 185 108 Oh,
3407 2141 196 89 wie

578 2269 171 92 bin
841 2267 158 96 ich
1099 2265 613 123 glüecklich!
1870 2266 175 96 D'r
2138 2265 554 96 Brütstand
2787 2261 216 97 isch
3099 2263 263 93 doch
3458 2258 150 96 d'r

579 2396 613 94 schoenscht
1267 2393 358 98 Stand!
1774 2392 176 121 (Zu
2024 2391 414 120 Ropfer,
2521 2392 179 96 der
2771 2399 196 87 wie
3046 2391 558 119 geistesab-

579 2522 417 96 wesend
1064 2528 165 113 ist)
1372 2523 316 95 Awer
1755 2521 480 111 Antoine,
2313 2556 209 61 was
2592 2519 312 97 hesch
2975 2517 329 97 denn?
3450 2513 155 96 Dü

568 2651 375 97 hörsch
1001 2671 175 100 gar
1234 2658 180 103 nit,
1472 2686 213 61 was
1747 2650 162 96 ich
1972 2669 208 76 saa.

831 2821 421 121 Ropfer:
1344 2822 316 109 Doch,
1745 2820 262 97 doch
2089 2820 184 95 hör
2315 2818 237 112 ich;
2644 2816 129 96 dü
2857 2818 312 93 hesch
3252 2813 350 121 g'saat,

577 2951 179 93 m'r
823 2951 200 92 han
1095 2987 53 58 e
1224 2948 442 97 schoene
1741 2947 316 95 Stand
2134 3022 211 26 ...
2416 2951 391 112 gewiss,
2878 2944 159 92 ich
3111 2943 171 92 bin
3349 2951 254 108 ganz

582 3069 992 103 dinere-n-Ansicht!

829 3230 463 115 Susanne
1400 3236 233 150 (von
1734 3230 338 95 rechts
2171 3225 617 117 kommend):
2917 3224 483 112 „Maman,
3508 3220 92 92 d'

580 3358 758 121 domestiques“
1401 3361 200 91 han
1667 3366 338 89 unseri
2068 3356 354 96 Köffer
2484 3353 525 118 gebrocht;
3080 3352 163 91 ich
3305 3354 296 104 mein,

577 3489 178 92 m’r
814 3500 271 85 sotte
1144 3495 145 88 sie
1348 3485 258 126 glich
1663 3486 485 119 üspacke.

831 3655 479 96 Madame
1381 3655 493 93 Schmidt:
1952 3654 429 106 Gewiss,
2452 3651 296 107 Kind
2824 3685 274 60 awer
3173 3642 430 97 z'erscht

578 3786 296 96 welle
936 3792 188 84 mir
1182 3791 129 88 im
1374 3781 346 97 Babbe
1782 3787 189 89 sini
2036 3779 417 96 Kleider
2511 3775 488 121 üspacke.

825 3935 425 120 Ropfer:
1333 3936 246 112 „Oh,
1658 3934 292 111 non",
2033 3936 204 95 diss
2316 3938 492 114 pressiert
2892 3931 258 93 doch
3229 3934 175 88 nit.
3479 3986 120 14 -

579 4068 397 117 „Après
1041 4073 374 111 vous“.

830 4217 476 100 Madame
1376 4214 492 98 Schmidt:
2009 4215 317 108 Doch,
2401 4209 288 100 doch.
2830 4207 234 97 Helt
3134 4205 205 108 m'r,
3418 4204 183 97 Su-

578 4386 345 60 sanne.
1014 4348 509 119 (Madame
1610 4343 454 100 Schmidt
2148 4339 200 97 und
2435 4338 459 97 Susanne
2981 4335 342 96 öffnen
3406 4333 196 96 den

577 4476 421 120 Koffer.)
1157 4474 187 96 Die
1435 4471 417 97 Kleider
1944 4464 591 121 verkripple
2628 4472 91 108 jo
2819 4460 395 97 sunsch.
3381 4458 217 118 (Su-

578 4640 313 62 sanne
961 4605 201 94 und
1233 4603 478 96 Madame
1783 4599 453 97 Schmidt
2307 4598 397 112 hängen
2775 4591 162 96 die
3012 4588 420 98 Kleider
3503 4596 97 83 in

575 4732 162 96 die
799 4730 371 97 beiden
1233 4727 554 117 Schränke.
1854 4725 312 96 Beide
2233 4731 404 88 müssen
2700 4720 283 92 stark
3046 4717 420 117 niesen.)

826 4885 503 96 Susanne:
1396 4882 463 120 Sapristi,
1926 4887 154 88 sin
2142 4878 205 96 dini
2408 4875 418 96 Kleider
2888 4867 583 124 gepfeffert!

826 5038 480 96 Madame
1356 5034 491 98 Schmidt:
1905 5033 112 96 D'
2072 5032 230 154 Aue
2356 5038 204 142 gän
2601 5034 191 91 eim
2843 5046 250 99 ganz
3147 5023 451 96 Wasser.

577 5169 337 96 Schun
968 5167 268 96 biem
1293 5164 446 118 Inpacke
1802 5163 192 95 han
2060 5157 175 96 m'r
2298 5194 108 58 so
2468 5163 334 88 niesse
2864 5152 396 96 muehn.
3261 5146 337 138 (Alle

573 5295 213 95 drei
865 5295 420 117 niesen.)
