1 1
1866 433 134 12 -
2137 375 334 100 8 -

983 587 404 92 Anatol:
1529 587 154 108 So,
1791 625 129 58 un
2020 595 234 105 jetzt
2358 591 288 92 welle
2750 591 171 92 m’r
3000 591 71 96 's
3154 629 171 83 uns
3358 587 296 100 emol

745 712 384 121 zerscht
1208 712 279 92 recht
1562 712 421 117 bequem
2045 712 363 96 mache
2496 716 266 113 (geht
2846 716 162 92 auf
3091 716 192 92 den
3362 716 292 96 Tisch

745 870 142 71 zu,
975 833 162 96 auf
1220 837 192 92 den
1495 870 105 63 er
1683 841 271 88 seine
2033 837 646 96 Reisetasche
2766 837 396 117 gestellt
3241 841 200 92 hat.
3529 841 125 92 Er

741 958 459 92 bemerkt
1283 966 217 84 eine
1579 958 846 108 Medizinflasche,
2508 962 158 92 die
2750 962 162 92 auf
2996 962 220 92 dem
3304 962 350 92 Tische

745 1079 288 108 steht,
1108 1079 471 91 entkorkt
1645 1087 142 83 sie
1854 1079 196 91 und
2112 1083 463 92 versucht
2646 1083 487 108 davon.)

987 1258 375 117 Ropfer
1495 1262 150 113 (zu
1716 1266 346 88 seiner
2162 1262 325 113 Frau):
2625 1262 366 108 „Enfin“
3004 1262 46 108 ,
3150 1300 287 58 wenn
3529 1266 129 92 dü

745 1383 463 104 meinsch,
1333 1383 225 92 dass
1650 1383 154 92 ich
1891 1383 255 92 mich
2233 1391 175 84 mit
2500 1383 191 92 dim
2816 1383 842 96 däuwe-n-Unkel

754 1504 558 116 erumbalig,
1400 1504 391 112 allewyl
1875 1504 225 91 dass
2183 1508 129 87 dü
2396 1541 129 59 un
2612 1504 71 96 ‘s
2775 1508 383 92 Jeanne
3237 1508 238 117 Ejch
3562 1516 100 84 in

750 1625 1270 108 Bade-Bade-n-amüsiere,
2166 1666 113 54 ze
2416 1629 280 91 bisch
2837 1629 125 91 dü
3104 1633 550 112 trumpiert!

750 1750 379 104 „Coûte
1200 1783 187 79 que
1458 1750 350 91 coûte“
1879 1783 325 58 muess
2279 1750 71 91 'r
2421 1750 175 91 m'r
2666 1750 371 95 wieder
3071 1787 316 79 zuem
3454 1750 204 95 Hüs

750 1879 216 87 nüs!

958 2033 404 87 Anatol:
1512 2033 75 87 E
1645 2066 209 59 zue
1945 2070 50 55 e
2083 2041 263 109 gueti
2437 2033 467 92 Medizin!
3000 2033 375 112 (Setzt
3466 2033 159 92 die

750 2154 412 96 Flasche
1229 2158 383 129 wieder
1691 2162 188 129 an.)

991 2304 375 116 Ropfer
1504 2308 241 112 (sich
1875 2300 666 116 umdrehend,
2654 2312 204 88 sich
2996 2312 162 88 auf
3291 2308 371 96 Anatol

758 2429 458 91 stürzend
1275 2429 191 91 und
1529 2429 191 91 ihm
1783 2429 154 121 die
1991 2429 413 91 Flasche
2466 2433 688 108 entreissend):
3216 2433 267 92 Halt!
3546 2491 120 9 ―

995 2604 405 91 Anatol:
1462 2604 75 91 E
1600 2641 175 59 zue
1841 2641 50 59 e
1958 2612 288 113 gueti
2279 2608 471 92 Medizin!
2829 2608 308 112 (Setzt
3200 2608 204 92 sich
3471 2591 187 109 und

750 2729 325 91 kramt
1133 2762 171 58 aus
1362 2737 321 83 seiner
1741 2729 642 91 Reisetasche
2446 2737 154 83 ein
2658 2750 388 95 grosses
3104 2733 250 87 Paar
3412 2733 246 87 Pan-

745 2850 342 91 toffeln
1150 2850 420 116 heraus.)

987 3004 404 112 Ropfer:
1508 3004 200 116 „Ca
1787 3004 250 115 c'est
2109 3004 229 115 trop
2410 3004 304 115 fort!“
2819 3004 201 115 Eim
3104 3004 545 115 d'Arzneje,

750 3137 187 83 wie
1016 3129 175 91 m'r
1275 3129 150 91 for
1508 3137 150 83 sin
1741 3129 580 104 „clientèle“
2408 3125 425 116 gerischt
2925 3125 221 108 hett
3241 3162 109 54 ze
3441 3162 213 54 ver-

754 3254 396 87 sueche!
1216 3250 225 91 Diss
1504 3250 271 116 fangt
1837 3258 88 108 jo
1995 3262 226 100 guet
2287 3254 154 87 an!

995 3425 463 91 Madame
1537 3425 408 112 Ropfer:
2041 3425 71 91 ‘s
2200 3425 204 91 isch
2491 3425 255 91 doch
2829 3425 571 91 hoffentlich
3491 3433 163 83 nix

758 3550 575 104 schädlichs,
1412 3545 267 92 wie'r
1754 3570 504 92 genumme
2329 3545 275 92 hett?

979 3700 387 112 Ropfer
1437 3700 504 112 (wütend):
2016 3700 375 104 Leider,
2458 3758 121 8 —
2650 3700 66 87 ‘s
2787 3700 204 87 isch
3062 3733 596 54 numme-n-ze

758 3825 358 112 Arznej
1200 3820 150 92 for
1433 3858 50 54 e
1562 3820 350 92 kranki
1991 3820 309 105 Kueh,
2412 3858 125 54 un
2650 3825 137 87 d'r
2862 3820 371 121 Anatol
3316 3820 213 92 hett
3612 3854 50 54 e

758 3945 571 92 Rossnatür.

1000 4091 458 92 Madame
1516 4041 404 167 Ropfer:
1983 4091 296 109 „Mon
2333 4091 346 92 Dieu!“
2737 4091 188 92 Mit
2983 4087 683 92 dere-n-Affär

758 4225 375 104 vergiss
1179 4216 154 92 ich
1383 4225 87 104 jo
1520 4237 242 92 ganz
1808 4220 229 84 mini
2083 4212 375 92 Köffer!
2512 4212 542 92 Schicksch
3100 4212 121 88 de
3271 4212 395 100 Scham-

766 4345 304 109 petiss
1137 4362 125 67 un
1320 4337 475 113 d'Ammej
1862 4333 250 117 glich
2175 4333 229 104 nuff,
2466 4370 288 55 wenn
2821 4370 104 55 se
2987 4333 417 92 kumme.
3475 4333 375 112 (Ab

766 4462 246 92 nach
1070 4458 321 117 links.)

1008 4608 404 112 Ropfer:
1470 4608 109 92 Ei
1637 4612 88 104 jo
1779 4608 291 92 denn!

1012 4758 367 92 Anatol
1441 4758 242 112 (sich
1745 4758 155 92 die
1962 4754 554 91 Pantoffeln
2579 4754 608 112 anziehend):
3258 4754 125 91 Es
3446 4754 225 112 geht

770 4891 167 84 nix
1008 4916 329 59 uewer
1408 4887 333 83 warmi
1812 4879 329 104 Fuess,
2221 4879 195 91 diss
2487 4879 213 91 hett
2771 4879 141 91 als
2991 4908 305 62 schun
3366 4879 309 87 miner

775 5008 595 92 Grossvater
1441 5004 175 91 seli
1691 5000 334 116 g'saat.
2125 5062 125 8 —
2350 5000 171 112 (Zu
2587 5000 400 112 Ropfer)
3066 5000 463 100 Antoine,
3604 4995 71 92 ‘s

770 5129 209 91 isch
1066 5125 717 112 merikwürdig,
1900 5129 187 87 wie
2171 5125 170 91 in'r
2433 5120 154 92 die
2675 5125 433 87 Medizin
3196 5129 225 104 guet
3508 5116 167 92 be-

775 5254 391 100 kummt,
1220 5287 105 54 so
1375 5250 395 91 muesch
1820 5245 171 92 m'r
2041 5283 113 58 au
2212 5283 54 54 e
2312 5245 446 92 Fläschel
2808 5245 150 92 for
3004 5245 254 88 mich
3308 5241 367 104 mache,
