1 1
2134 274 725 102 - 38 -

1046 472 225 93 dass
1330 473 88 90 d'
1477 474 315 95 Tante
1851 479 295 94 Aline
2208 481 872 115 g'storwe-n-isch:
3142 498 155 91 ich
3355 509 291 86 nimm
3709 511 282 93 recht

1057 596 426 110 Antheil,
1561 602 279 92 recht
1911 605 447 96 Antheil!
2436 608 147 96 Do
2661 615 384 92 hawich
3128 624 867 96 e-n-Immortelle-

1049 718 307 94 kranz
1410 727 696 114 mitgebrocht!
2163 787 125 13 —
2348 732 561 112 (Schluchzt
2968 741 270 115 laut.)
3305 745 126 92 Er
3493 748 208 94 hett
3763 753 234 93 acht

1053 842 288 95 Livre
1424 848 384 92 koscht.

1293 1008 409 116 Ropfer:
1769 1012 75 92 E
1909 1015 400 96 schöeni
2376 1019 683 125 B'scheerung,
3130 1068 50 54 e
3243 1031 275 108 Kart,
3584 1046 185 85 wie
3834 1041 159 92 ich

1050 1164 179 59 vor
1300 1134 242 115 dreij
1617 1134 308 96 Johre
1999 1139 605 117 g'schriwwe
2678 1149 223 94 hab!
2982 1153 250 95 Küm
3304 1157 221 95 haw
3599 1163 150 91 ich
3828 1186 164 92 ge-

1052 1262 333 98 meint,
1472 1258 155 92 ich
1710 1260 222 93 hab’
2019 1299 122 58 ne
2227 1302 278 59 zuem
2586 1272 204 94 Hüs
2877 1277 371 108 drüsse,
3340 1289 490 88 ze-n-isch
3920 1287 74 92 'r

1047 1378 382 93 widder
1496 1383 160 92 do!

1293 1543 409 93 Anatol:
1843 1550 180 93 Die
2106 1589 201 56 arm
2391 1554 312 98 Tante
2786 1564 330 91 Aline!
3257 1627 125 10 —
3519 1570 162 92 Ich
3765 1573 217 92 hab’

1026 1665 444 127 z'erscht
1542 1679 451 104 gemeint,
2071 1678 155 89 die
2310 1678 312 94 Tante
2700 1683 296 94 Aline
3071 1690 209 91 isch
3355 1694 304 90 schun
3730 1700 257 90 noch

1053 1792 250 87 emol
1373 1790 459 116 g'storwe
1895 1834 179 55 vor
2137 1801 204 113 drej
2411 1804 271 107 Johr,
2753 1842 263 57 awer
3087 1808 67 93 's
3220 1814 328 92 macht
3611 1825 196 98 nix,
3879 1854 107 58 es

1051 1913 329 92 macht
1439 1924 186 83 eim
1681 1919 253 92 doch
1989 1924 392 115 allewyl
2435 1927 379 94 widder
2871 1931 364 113 Müehj.
3305 1937 413 108 (Wischt
3784 1942 204 91 sich

1054 2035 158 92 die
1288 2038 391 93 Tränen
1749 2042 188 113 ab.)

1293 2188 410 115 Ropfer:
1781 2192 266 94 Jetzt
2118 2196 247 115 fröuj
2439 2202 153 89 ich
2668 2209 217 88 eine
2960 2207 504 108 Mensche,
3543 2221 185 84 wie
3805 2213 180 94 soll

1054 2311 155 90 ich
1280 2313 220 90 dem
1570 2317 351 92 dauwe
1991 2319 368 93 Möwel
2434 2326 158 88 die
2666 2324 256 95 Sach
2991 2338 171 84 mit
3241 2332 317 92 denne
3633 2336 355 93 Karte-

1053 2435 692 111 n-expliziere!
1849 2438 383 113 (Brüllt)
2332 2440 67 93 ‘s
2490 2448 208 89 isch
2798 2450 668 97 e-n-Irrthum!
3564 2457 426 92 E-n=Irr-

1055 2552 305 95 thum!

1299 2705 408 93 Anatol:
1778 2711 154 107 So,
2007 2714 196 91 diss
2274 2714 229 95 frait
2570 2721 282 89 mich.
2924 2719 109 92 D'
3102 2722 575 116 Hauptsach
3749 2732 236 102 isch,

1059 2831 225 89 dass
1343 2839 138 84 sie
1543 2839 137 84 nit
1743 2835 212 91 hett
2014 2836 258 93 liede
2334 2839 380 95 müehn.
2784 2843 312 112 (Setzt
3159 2849 205 92 sich
3425 2851 189 106 hin,
3680 2853 309 94 öffnet

1057 2958 271 85 seine
1382 2952 646 100 Reisetasche
2086 2964 192 88 und
2332 2963 259 93 zieht
2646 2974 271 86 seine
2970 2991 404 92 grossen
3432 2973 551 95 Pantoffeln

1059 3110 147 69 an,
1277 3085 183 84 wie
1526 3084 125 84 im
1723 3093 329 80 ersten
2114 3083 522 119 Aufzuge.)

1301 3225 412 116 Ropfer:
1804 3230 317 95 Wenn
2213 3234 175 90 der
2478 3236 205 92 sich
2774 3242 555 104 installiert,
3425 3280 124 56 no
3643 3250 345 90 kann's

1056 3359 229 102 guet
1341 3355 304 88 wäre!

1303 3497 406 95 Anatol:
1792 3501 438 96 Z'erscht
2309 3508 196 91 will
2588 3512 153 89 ich
2820 3511 172 92 m'r
3080 3513 66 93 ‘s
3234 3518 246 88 emol
3568 3517 419 114 bequem

1061 3621 375 92 mache.
1507 3624 125 90 Es
1710 3625 226 115 geht
2015 3633 166 87 nix
2257 3639 333 84 üewer
2662 3641 336 87 warmi
3078 3638 333 93 Füess,
3494 3640 110 91 D'
3686 3643 304 94 Füess

1060 3749 324 86 müess
1463 3746 172 89 m'r
1710 3781 303 59 warm
2089 3751 295 106 halte,
2501 3756 195 93 diss
2780 3759 208 90 hett
3071 3760 139 92 als
3296 3764 300 92 schun
3680 3777 305 81 miner

1066 3865 638 96 Grossbabbe
1766 3872 178 92 seli
2007 3870 344 116 g'saat!

1305 4015 409 118 Ropfer:
1777 4021 108 92 Ei
1952 4023 124 93 dü
2138 4047 389 92 grosser
2584 4032 459 94 Alledaa!

1303 4168 371 92 Anatol
1775 4172 279 115 (über
2149 4176 216 93 dem
2461 4180 521 94 Anziehen
3079 4185 175 91 der
3350 4188 633 116 Pantoffeln):

1060 4286 188 109 Ah,
1318 4324 205 59 was
1589 4297 29 87 i
1688 4327 301 60 saaue
2056 4298 228 92 will.
2352 4300 204 93 Hör
2627 4306 279 101 emol,
2976 4305 468 109 Antoine,
3514 4312 199 89 diss
3785 4314 213 91 isch

1066 4443 50 56 e
1196 4410 478 96 schlechti
1749 4416 418 117 Zittung,
2275 4429 188 84 wie
2550 4424 125 91 dü
2754 4426 125 92 do
2958 4428 329 105 hesch,
3375 4468 104 55 es
3558 4433 213 94 hett
3849 4442 139 86 nit

1049 4529 469 133 g'stimmt
1581 4537 300 92 mit'm
1945 4539 415 97 Brenne.
2423 4543 75 91 E
2560 4547 696 118 merkwürdigi
3319 4555 416 117 Zittung,
3799 4566 195 83 wie

1068 4653 316 95 Sache
1454 4658 343 95 drinne
1868 4662 311 106 stehn,
2250 4699 151 58 wo
2472 4673 145 87 nit
2680 4669 275 94 wohr
3022 4680 241 103 sinn,
3338 4681 238 89 oder
3643 4689 187 83 wie
3901 4680 89 91 d'

1065 4777 480 94 Nouvelle
1641 4792 244 83 zwei
1978 4786 242 92 Johr
2303 4789 254 93 noch
2649 4791 654 100 de-n-andere
3396 4801 353 117 bringt.
3874 4859 117 13 -

1072 4899 321 112 (Steht
1480 4906 188 104 auf,
1759 4906 255 93 sieht
2105 4910 205 92 sich
2401 4921 125 84 im
2618 4915 412 93 Zimmer
3122 4956 150 56 um
3368 4924 192 92 und
3651 4931 342 86 nimmt

1063 5057 194 56 von
1325 5024 220 93 dem
1617 5027 482 96 Stilleben
2170 5036 164 90 auf
2408 5034 220 94 dem
2700 5037 288 96 Tisch
3066 5052 283 84 einen
3420 5046 300 115 Apfel
3799 5047 188 91 und

1065 5144 311 95 beisst
1448 5150 304 93 daran
1824 5151 537 119 herunter.)
