1 1
2012 473 697 112 - 50 -

877 723 183 62 zue
1199 698 379 86 minere
1719 689 1376 123 grosse-n=Uewerraschung
3241 731 200 60 vun
3578 697 279 93 Ihrer

877 814 438 96 Tochter
1426 813 396 99 erfahre
1926 817 392 110 muehn,
2435 820 229 94 dass
2743 825 146 88 sie
2969 821 886 119 todunglüecklich

875 948 238 102 wär,
1179 976 292 60 wenn
1537 948 142 88 sie
1746 947 332 89 minne
2141 942 363 96 Friend
2574 944 279 97 Jules
2920 947 459 97 hierothe
3445 962 405 84 muesst.

1126 1105 288 98 Jules
1580 1108 705 119 (auffahrend):
2460 1112 808 110 „Parfaitement,
3368 1118 480 114 parfaite-

871 1233 621 117 ment“...

1098 1399 405 120 Ropfer
1569 1404 938 120 (nachsprechend):
2577 1407 280 110 „Oui,
2919 1408 932 109 parfaitement„...

1124 1568 364 94 Albert
1580 1570 737 123 (fortfahrend):
2416 1571 130 96 Ze
2637 1573 372 121 glicher
3096 1578 196 94 Zitt
3384 1578 196 97 han
3667 1586 184 88 mir

878 1704 279 100 zwei,
1241 1697 195 94 Ihri
1523 1697 435 95 Tochter
2048 1733 130 58 un
2261 1699 183 105 ich,
2516 1736 199 58 uns
2808 1700 70 96 ‘s
2965 1702 263 96 Herz
3311 1705 533 116 üsgeleert.

884 1819 229 120 (Mit
1189 1819 358 119 Feuer)
1630 1823 197 93 Mir
1905 1823 196 96 han
2181 1859 175 60 uns
2442 1846 264 99 gern,
2789 1863 129 59 un
3002 1837 150 87 sin
3227 1830 325 96 fescht
3635 1845 213 82 ent-

879 1945 475 108 schlosse,
1504 1983 297 60 unser
1887 1949 388 95 Glüeck
2387 1959 176 87 mit
2683 1950 192 96 alle
2954 1952 337 98 Mittel
3412 1992 438 58 ze-n-er-

877 2072 443 116 kämpfe!
1386 2100 128 45 —
1574 2073 157 96 Un
1793 2081 238 89 mini
2090 2075 293 119 Fröuj
2452 2078 209 93 isch
2728 2087 242 104 jetzt
3039 2078 188 111 die,
3295 2087 191 88 wie
3557 2082 292 94 stelle

876 2197 167 96 Sie
1122 2198 208 94 sich
1405 2207 242 109 jetzt
1722 2236 184 57 zue
1992 2200 238 97 dere
2313 2203 284 107 Sach,
2680 2203 258 95 Herr
3018 2205 446 116 Ropfer?

1123 2362 380 119 Ropfer
1574 2367 700 118 (auffahrend):
2354 2367 224 99 Wie
2650 2380 324 86 meine
3049 2373 230 94 Sie?
3354 2433 128 13 -

1125 2530 398 96 Albert:
1601 2534 437 111 „Enfin“,
2113 2538 159 93 ich
2343 2546 291 97 mein,
2705 2539 284 96 wells
3068 2541 229 96 dass
3375 2544 193 93 Ihri
3639 2544 208 92 An-

874 2653 284 111 sicht,
1224 2655 193 95 Ihri
1482 2658 475 119 Meinung
2017 2663 237 92 isch.

1122 2820 418 120 Ropfer:
1614 2824 230 96 Ah?
1926 2886 125 13 —
2122 2827 250 96 Mini
2451 2815 581 132 Meinung?!
3114 2892 122 12 —
3306 2831 254 95 Mini
3636 2835 208 92 An-

879 2945 364 98 sicht?!
1313 3008 125 13 —
1500 2948 204 111 „Eh
1772 2950 291 111 bien„
2152 3028 181 16 ...
2454 2952 159 95 ich
2714 2954 170 96 bin
2987 2977 242 96 ganz
3304 2994 196 58 vun
3575 2959 271 94 Ihrer

873 3069 476 125 Meinung
1392 3152 201 20 ...
1674 3074 225 121 (Für
1953 3079 246 118 sich)
2258 3081 287 95 Kenn
2598 3082 468 120 Ahnung!

1125 3240 393 96 Albert:
1600 3244 164 96 Sie
1846 3252 150 87 sin
2072 3280 203 62 vun
2347 3283 417 61 unserer
2842 3250 505 119 Meinung,
3434 3258 142 89 sie
3659 3261 187 112 gän

874 3401 183 61 uns
1124 3368 213 97 also
1399 3372 351 94 recht?
1820 3433 125 11 —
2008 3374 154 92 Oh
2224 3380 305 89 merci
2595 3375 434 111 vielmol,
3099 3378 259 94 Herr
3421 3378 417 116 Ropfer!

872 3489 360 100 Merci!
1314 3495 537 116 (Schüttelt
1918 3498 196 92 ihm
2185 3500 371 117 kräftig
2631 3503 159 92 die
2857 3501 386 96 Hände.
3314 3506 138 89 Zu
3522 3505 317 116 Jules)

876 3615 161 96 Un
1117 3618 128 96 dü
1333 3617 347 98 Jules?
1771 3621 242 97 Was
2099 3625 355 93 saasch
2541 3627 130 91 dü
2755 3625 404 95 d'rzue?
3255 3627 371 96 Gibsch
3676 3632 165 93 dü

878 3776 183 61 uns
1119 3776 125 59 au
1298 3745 351 94 recht?
1707 3805 125 12 —
1894 3744 163 119 (Es
2115 3747 329 118 klopft
2503 3748 262 97 links
2824 3752 195 92 und
3083 3751 400 120 rechts.)

1126 3910 283 93 Jules
1472 3915 263 111 (sehr
1789 3913 237 111 laut,
2085 3951 153 57 um
2301 3919 175 93 das
2534 3917 433 116 Klopfen
3026 3957 112 56 zu
3202 3919 715 118 übertönen):

879 4036 153 105 Ja,
1099 4041 383 114 gewiss,
1544 4046 385 109 gewiss,
1992 4040 304 95 hesch
2354 4043 283 94 recht
2707 4119 186 17 ...
2979 4044 867 99 Selbstverständ-

877 4160 200 96 lich
1131 4160 304 98 hesch
1493 4164 130 92 dü
1681 4168 283 92 recht
2028 4243 181 9 ...
2294 4170 188 112 (für
2544 4170 241 114 sich)
2852 4169 287 96 Kenn
3198 4172 463 117 Ahnung!

1129 4341 376 120 Ropfer
1591 4346 263 115 (sehr
1896 4348 321 115 laut):
2367 4350 549 93 Natierlich
3001 4353 195 91 han
3279 4352 163 93 Sie
3533 4353 309 105 recht,

882 4462 1000 102 selbstverständlich
1970 4473 195 94 han
2257 4473 167 96 Sie
2515 4475 280 93 recht
2894 4547 194 21 ...
3265 4473 158 117 (Es
3516 4476 332 115 klopft

884 4592 396 93 stärker
1335 4591 262 95 links
1656 4597 198 92 und
1913 4596 401 115 rechts.)

1128 4757 393 94 Albert:
1606 4758 518 113 „Patron“,
2194 4764 155 93 ich
2420 4750 309 130 glaub
2782 4802 104 57 es
2901 4714 265 145 hett
3236 4769 483 116 geklopft.

1126 4922 283 94 Jules
1472 4922 536 123 (hustend):
2072 4929 166 94 Ich
2297 4931 188 93 hab
2546 4936 167 88 nix
2775 4931 405 115 g'höert.
3369 4907 17 21 -

1128 5089 417 118 Ropfer:
1607 5094 166 94 Ich
1836 5131 125 59 au
2019 5104 176 89 nit!
2258 5158 125 12 -

1130 5251 284 98 Jules
1526 5260 188 116 (für
1822 5265 283 114 sich):
2255 5264 617 113 Herrschaft,
3017 5275 196 89 min
3363 5268 481 120 „patron“

887 5374 387 99 schient
1329 5385 234 91 taub
1628 5420 113 58 ze
1799 5390 185 91 sin!
2041 5447 125 12 —
2224 5389 246 96 Gott
2529 5399 137 108 sej
2724 5391 330 97 Dank!
