1 1
1768 300 134 58 -
2019 294 142 116 11
2232 296 207 118 -

654 507 291 105 genta
1015 500 422 91 verlore.
1515 502 151 92 Un
1737 542 287 57 wenn
2099 510 126 91 dü
2295 508 142 93 uff
2504 512 275 94 Paris
2858 517 529 105 kummsch‚
3466 555 125 58 ze

642 619 462 95 machsch
1149 625 175 90 m'r
1355 624 400 118 d'Fraid
1804 632 195 89 und
2046 631 442 94 kummsch
2495 637 264 91 bie
2809 646 179 83 mir
3038 675 50 54 z
3104 637 496 98 'Middaa-

659 778 246 59 esse.
980 747 129 92 So
1185 754 241 108 ganz
1509 785 284 71 „sans
1871 753 381 108 façon“.
2330 755 542 97 Natierlich
2947 763 384 94 hawich
3406 767 179 89 m'r

660 866 200 95 diss
943 877 143 83 nit
1168 873 446 91 zweimol
1694 909 300 61 saaue
2107 877 191 107 lon,
2414 916 129 55 un
2622 890 189 86 wie
2893 887 150 89 ich
3131 888 451 92 nooch'm

652 991 267 116 Kriej
982 1027 276 57 zuem
1320 995 520 116 Napoléon
1899 999 124 92 III
2086 1002 392 94 kumme
2536 1003 196 108 bin,
2803 1043 108 54 ze
2973 1009 292 91 hett'r
3328 1013 251 92 mich

652 1121 172 86 mit
953 1114 1680 126 offene-n-Aerme-n=uffgenumme
2733 1164 122 55 un
2949 1134 213 90 hett
3258 1140 346 87 sinere

650 1241 254 92 Fräu
975 1248 96 83 in
1142 1242 438 119 d'Küche
1650 1248 613 115 ningeruefe:
2345 1250 589 109 Ueschenie,
3009 1269 308 93 „mets
3392 1292 188 59 une

660 1364 475 95 côtelette
1204 1367 122 94 de
1392 1369 218 113 plus
1676 1405 121 59 au
1863 1371 188 107 feu,
2118 1373 258 92 l'ami
2443 1374 671 115 Schampetiss
3176 1379 430 94 Schnei-

656 1487 171 92 der
893 1502 147 79 est
1098 1488 188 95 là“!

895 1613 375 142 Ropfer
1320 1649 204 108 (mit
1574 1651 270 88 einer
1887 1646 408 118 Zeitung
2340 1654 97 85 in
2487 1649 171 92 der
2703 1651 288 95 Hand
3041 1649 196 96 von
3283 1635 295 128 links;

654 1762 170 95 hat
875 1765 170 92 die
1082 1768 372 91 letzten
1507 1769 343 94 Worte
1900 1778 171 84 mit
2125 1771 550 115 angehört):
2734 1773 149 95 Do
2937 1782 346 87 steht'r
3334 1797 253 74 anne

659 1883 174 96 der
893 1888 233 93 täub
1189 1892 286 95 Dolle
1538 1893 192 92 und
1789 1894 446 92 verzählt
2289 1901 136 84 im
2476 1933 53 54 e
2585 1901 254 89 noch
2897 1909 445 82 täuwere
3401 1909 183 84 sini

659 2008 397 128 Schnitz
1130 2047 125 57 un
1326 2013 329 114 Lüeje!

902 2160 747 120 Schampetiss:
1749 2163 474 109 „Pardon,
2295 2169 457 112 patron!“
2886 2171 125 92 Er
3081 2173 293 92 hett's
3444 2180 143 84 nit

661 2286 480 91 andersch
1195 2291 384 110 gethon,
1636 2289 151 91 ich
1836 2290 321 112 hab'm
2212 2326 192 55 vun
2457 2299 255 84 mine
2766 2293 287 104 „faits
3107 2292 505 114 d'armes“

658 2410 463 92 verzähle
1196 2412 380 91 muehn.
1658 2410 409 108 „Parole
2142 2411 641 96 d’honneur“!

902 2584 411 117 Ropfer:
1381 2588 662 95 Dummheite!

903 2738 408 89 Anatol:
1469 2740 75 91 E
1635 2748 717 108 zue-n-artiger
2441 2742 420 94 Burscht
2953 2746 142 92 d'r
3185 2744 400 95 Scham-

661 2865 346 106 petiss!
1086 2862 296 110 (Geht
1449 2861 162 92 auf
1662 2864 208 104 den
1936 2863 289 94 Tisch
2292 2900 145 67 zu,
2504 2899 154 59 wo
2736 2902 105 55 er
2907 2876 271 83 seine
3242 2869 345 91 Reise-

662 2982 342 93 tasche
1071 2988 345 90 stehen
1479 2987 201 114 hat)
1755 2988 149 104 Ja,
1975 2987 155 92 ich
2196 2988 197 92 will
2462 2986 464 117 nuffgehn
2992 2990 471 114 üspacke.

905 3160 375 116 Ropfer
1351 3153 237 125 (hält
1655 3164 188 92 ihm
1918 3166 158 92 die
2143 3165 409 118 Zeitung
2618 3169 234 112 hin):
2988 3167 147 92 Do
3205 3170 384 91 hawich

661 3287 237 113 Ejch
965 3286 491 117 d'Zittung
1531 3289 500 113 gebrocht.

907 3437 408 92 Anatol:
1382 3441 196 91 Zue
1644 3446 275 109 artig,
1987 3474 178 58 zue
2232 3445 283 110 artig!
2586 3440 160 92 Ich
2811 3476 259 55 wurr
3137 3475 266 58 awer
3470 3476 121 58 au

666 3596 122 58 an
845 3562 235 116 Ejch
1141 3563 355 91 denke.
1566 3564 300 113 (Geht
1933 3554 171 100 der
2171 3564 254 92 Türe
2487 3565 259 92 links
2812 3567 179 113 zu.)
3058 3566 146 92 Do
3271 3569 383 88 denne

659 3683 494 138 Reissack,
1208 3699 160 106 vo
1375 3688 198 111 alli
1590 3688 263 117 mini
1870 3683 661 122 „souvenir“
2580 3683 247 127 dran
2844 3699 386 95 henke,
3269 3678 322 116 denne

663 3808 380 92 hawich
1122 3821 280 80 extra
1477 3811 150 91 for
1697 3810 234 112 Ejch
2006 3811 571 114 üsbedunge
2652 3816 96 84 in
2817 3817 222 84 mim
3117 3810 481 119 Teschta-

661 3945 296 80 ment.
1032 3931 191 116 (Ab
1290 3933 250 91 nach
1606 3932 322 110 links.)

907 4083 405 114 Ropfer:
1370 4083 196 108 „Eh
1616 4085 229 91 bien
1895 4090 300 85 merci“
2211 4081 72 105 ,
2340 4084 122 92 do
2516 4083 379 91 hawich
2950 4084 170 91 ebs
3170 4082 421 93 schoens

667 4242 125 58 an
855 4208 216 91 dem
1138 4206 517 94 Reissack!

910 4356 462 92 Madame
1435 4356 408 113 Ropfer:
1880 4362 271 108 (von
2218 4355 259 92 links
2542 4358 318 111 hastig
2934 4356 363 101 herein,
3368 4352 224 92 sehr

669 4483 582 114 aufgeregt):
1335 4483 150 104 Ja,
1561 4484 204 89 isch
1839 4480 142 107 d'r
2051 4482 668 110 Schampetiss
2794 4481 250 89 denn
3123 4479 142 92 als
3339 4477 250 92 noch

669 4612 142 84 nit
890 4606 233 91 do?!

913 4756 707 111 Schampetiss:
1695 4755 225 105 „Me
1984 4753 265 91 voilà
2312 4752 504 112 présent!”

918 4906 462 92 Madame
1459 4906 409 113 Ropfer:
1955 4908 150 108 Ja,
2189 4937 371 58 worum
2651 4904 596 91 kumme-n-r
3276 4902 313 126 denn

668 5038 138 87 nit
893 5031 308 93 nuff?!

915 5181 708 115 Schampetiss:
1694 5180 125 89 Es
1886 5179 209 92 hett
2161 5177 171 92 m'r
2402 5184 371 84 niemes
2840 5181 154 83 nix
3077 5196 50 92 g
3144 5175 268 88 'saat.
