1 1
1896 391 717 98 - 52 -

1007 603 326 100 Jules:
1403 609 368 94 Armer
1838 606 408 98 Friend!

1006 774 401 97 Albert:
1490 776 201 97 Zue
1769 776 818 120 merikwuerdig!
2677 814 184 63 zue
2937 779 829 122 merikwuerdig!

764 905 163 116 (Er
1001 908 250 91 wird
1318 942 175 59 zur
1561 906 265 93 Türe
1894 904 887 123 hinausgedrängt.
2851 907 235 97 Alle
3157 906 219 99 drei
3447 907 322 98 durch

755 1031 163 95 die
980 1032 575 96 Mitteltüre
1622 1031 196 122 ab.)

1003 1202 696 119 Schampetiss
1783 1204 350 120 (durch
2208 1206 162 93 die
2455 1204 261 97 Türe
2796 1244 203 59 von
3070 1208 297 110 links,
3454 1244 105 59 er
3637 1212 133 89 ist

758 1329 733 122 angetrunken.
1633 1331 132 96 Er
1845 1342 266 109 trägt
2191 1332 332 96 hohen
2603 1334 205 96 Hut
2891 1334 203 95 und
3178 1335 596 96 schwarzen

752 1455 391 123 Anzug.
1289 1459 188 92 Die
1565 1460 299 94 Brust
1951 1468 130 87 ist
2164 1469 179 88 mit
2427 1459 645 99 zahlreichen
3157 1463 349 97 Orden
3586 1462 179 96 be-

755 1584 387 120 deckt):
1225 1585 789 110 „Ventrebleu!“
2089 1586 408 97 Niemes
2577 1589 195 95 do?
2856 1649 129 12 —
3052 1588 191 100 Wo
3322 1590 217 96 isch
3618 1588 150 99 d'r

758 1712 459 118 „patron“ ?
1374 1713 251 94 Dem
1674 1716 206 93 will
1930 1714 162 96 ich
2142 1749 338 76 saaue,
2538 1751 208 59 was
2796 1716 88 94 d’
2941 1716 297 97 Biere
3288 1716 475 98 koschte!

754 1838 254 97 Dem
1054 1841 204 92 will
1311 1839 159 96 ich
1520 1848 283 113 zeije,
1857 1842 230 96 dass
2141 1841 213 96 sich
2404 1842 146 96 d'r
2600 1843 691 119 Schampetiss
3350 1844 420 97 Schnei-

761 1967 179 96 der
1003 1973 150 89 nit
1219 1967 250 97 alles
1540 1965 333 121 g'falle
1940 1968 289 97 losst!
2299 2032 129 10 —
2490 1971 442 108 ,Patron!
3006 1970 480 99 Patron!“
3565 1971 201 120 (Ab

760 2093 316 97 durch
1156 2095 162 93 die
1402 2097 333 94 Mitte.
1822 2096 109 121 In
2022 2096 588 97 demselben
2693 2097 646 119 Augenblick
3427 2108 341 87 treten

759 2218 383 121 Ropfer
1235 2222 203 96 und
1530 2223 283 96 Jules
1910 2260 203 58 von
2205 2223 267 98 links
2567 2227 200 95 und
2863 2226 338 96 rechts
3301 2232 171 91 auf
3563 2230 209 92 und

758 2384 271 59 zwar
1079 2374 141 84 so,
1271 2350 233 93 dass
1558 2357 143 87 sie
1754 2350 212 96 sich
2016 2362 338 83 zuerst
2408 2350 196 97 den
2651 2351 428 97 Rücken
3133 2357 633 115 zuwenden.)

1011 2513 421 120 Ropfer:
1487 2515 778 122 Uesgewitscht.

1010 2653 325 126 Jules:
1403 2684 916 120 Durichgebrennt!
2460 2688 346 116 (Beide
2877 2687 379 98 drehen
3327 2690 211 96 sich
3606 2726 163 62 um

763 2811 200 95 und
1030 2812 221 95 sind
1306 2811 511 113 verblüfft,
1884 2814 208 96 sich
2155 2852 120 59 zu
2338 2817 375 117 sehen.)

1012 2978 421 122 Ropfer:
1508 2982 204 97 Ah!

1011 3149 325 93 Jules:
1411 3147 200 101 Ah!

1013 3330 418 120 Ropfer:
1488 3335 171 93 Ich
1706 3333 200 97 hab
1959 3343 200 88 min
2210 3336 520 98 Nastuech
2780 3340 196 117 leje
3031 3342 199 92 lon.

1017 3499 326 93 Jules:
1408 3501 167 93 Ich
1633 3508 254 88 mins
1946 3538 158 59 au.

1016 3678 420 117 Ropfer:
1646 3682 395 115 „Tiens“,
2156 3633 144 149 do
2391 3686 396 99 hawich
2870 3687 71 96 ’s
3016 3696 91 112 jo
3220 3697 129 88 im
3466 3691 304 97 Sack.

773 3802 417 123 (Lach.)

1018 3974 325 97 Jules:
1401 3977 454 115 „Tiens“,
1913 3981 159 95 ich
2125 3986 93 116 jo
2275 4016 155 63 au.
2493 3984 350 120 (Beide
2897 3984 363 100 lachen
3319 3987 449 121 krampf-

767 4101 246 98 haft.
1078 4103 126 97 Es
1271 4105 358 117 klopft,
1700 4108 358 97 keiner
2118 4144 203 63 von
2385 4113 374 93 beiden
2821 4119 508 116 reagiert.)

1016 4269 421 118 Ropfer:
1495 4273 291 97 Gehn
1831 4275 176 96 m'r
2057 4277 388 97 widder
2495 4314 188 62 zue
2737 4281 225 96 dem
3016 4317 275 60 arme
3341 4279 429 153 Dokter.

1022 4449 318 98 Jules:
1412 4455 189 94 Die
1669 4454 266 100 Sach
1997 4461 217 92 isch
2276 4459 181 96 m'r
2519 4461 533 98 verdächti
3118 4465 339 97 mit'm.

1021 4615 421 122 Ropfer:
1522 4624 670 133 (abgehend):
2243 4628 245 110 Nee,
2563 4667 109 59 so
2751 4633 238 94 taub
3067 4671 117 59 ze
3259 4637 188 94 sin!

1020 4811 288 98 Jules
1391 4818 637 124 (abgehend):
2112 4822 246 115 Nee,
2437 4813 108 109 so
2625 4828 241 96 taub
2945 4866 117 59 ze
3141 4836 188 91 sin!
3419 4832 351 120 (Beide

773 4938 339 98 fassen
1165 4944 479 100 einander
1690 4959 296 84 unter
2036 4952 162 96 die
2244 4953 313 94 Arme
2611 4957 200 95 und
2865 4954 324 124 gehen
3240 4960 313 97 durch
3603 4963 170 96 die

772 5060 304 101 Mitte
1143 5071 192 121 ab.)

1025 5233 363 102 Albert
1450 5243 255 117 (tritt
1755 5279 200 59 von
2009 5244 342 97 rechts
2405 5247 242 121 auf):
2709 5248 171 100 Nit
2938 5250 196 100 do?
3196 5230 146 139 Ei,
3401 5291 162 62 wo
3617 5259 159 92 sin

774 5364 151 92 sie
983 5361 262 97 denn
1300 5401 258 60 anne
1616 5372 600 114 gewitscht?
2276 5374 478 99 Viellicht
2809 5383 153 91 sin
3020 5385 146 91 sie
3226 5389 128 88 im
3420 5382 355 98 Garte.
