1 1
1877 217 151 125 —
2151 208 192 134 90
2410 205 191 140 —

991 437 471 96 Madame
1545 437 450 92 Schmidt
2083 437 196 92 und
2358 433 492 96 Susanne:
2946 433 245 108 „Oh‚
3283 470 117 80 ça
3483 429 263 108 c'est

741 579 225 104 trop
1050 562 304 100 fort!”

750 708 508 117 (Madame
1383 708 450 96 Schmidt
1958 704 200 96 und
2283 662 461 146 Madame
2883 700 379 116 Ropfer
3391 700 350 95 fassen

741 833 384 117 Ropfer
1208 870 125 59 an
1412 833 188 92 den
1683 833 408 92 Armen.
2237 829 454 96 Susanne
2808 829 254 96 fasst
3179 829 283 96 Jules
3575 862 166 63 an.

745 962 284 92 Jules
1091 962 200 92 und
1350 958 383 117 Ropfer
1791 958 417 92 werden
2266 958 300 92 beide
2629 954 258 96 nach
2950 991 254 59 vorn
3262 954 463 116 gezerrt.)

995 1112 475 100 Madame
1525 1108 420 121 Ropfer:
2012 1108 600 117 Uffklärung
2675 1141 341 63 uewer
3079 1108 162 96 die
3304 1108 300 96 Sach!

995 1266 475 138 Madame
1533 1262 487 96 Schmidt:
2095 1262 246 96 Erüs
2408 1271 179 87 mit
2654 1262 146 96 d'r
2866 1262 425 117 Sproch!

1000 1421 495 95 Susanne:
1558 1416 192 113 Ah,
1816 1454 113 58 so
1995 1416 355 96 steht's
2412 1425 175 87 mit
2658 1416 258 100 dir?!
2987 1479 125 8 —

1000 1575 475 91 Madame
1554 1571 483 95 Schmidt:
2187 1571 325 95 Redd!
2596 1571 508 95 Antwort!
3187 1529 338 137 Hesch
3608 1571 133 91 dü

729 1700 208 96 mir
1008 1700 521 96 d'Hieroth
1600 1700 646 116 versproche,
2316 1704 96 108 ja
2483 1700 242 91 oder
2800 1700 300 91 nein?

1004 1854 471 92 Madame
1541 1854 417 117 Ropfer:
2025 1850 321 96 Redd!
2421 1850 508 96 Antwort!
3004 1850 296 96 Bisch
3366 1850 130 91 dü
3562 1854 179 87 mi-

754 2016 179 59 ner
991 1979 338 108 Mann,
1395 1987 88 109 ja
1554 1979 241 96 oder
1858 1979 342 92 nein?!

1004 2133 416 117 Ropfer:
1487 2133 167 96 Ich
1712 2133 171 92 bin
1945 2166 551 59 e-n-armer
2558 2129 517 117 Krüeppel
3137 2166 154 55 am
3354 2125 258 121 Wäj!

1008 2287 458 92 Susanne
1550 2291 154 113 (zu
1787 2287 359 105 Jules):
2233 2283 325 96 Redd!
2641 2283 509 96 Antwort!
3237 2283 296 92 Bisch
3612 2279 142 96 dü

758 2421 317 87 miner
1137 2412 621 109 Hochzitter,
1825 2421 87 104 ja
1979 2412 242 96 oder
2283 2412 346 92 nein?!

1012 2567 321 125 Jules:
1395 2567 171 91 Ich
1620 2567 171 91 bin
1854 2600 550 79 e-n-armer
2466 2550 363 129 Dejfel!

1012 2687 467 125 Madame
1537 2683 413 158 Ropfer,
1982 2683 448 158 Madame
2496 2671 470 137 Schmidt
2996 2717 200 91 und
3250 2712 508 92 Susanne:

762 2846 192 108 Ah,
1020 2883 109 59 so
1195 2846 696 96 e-n-Antwort
1950 2854 187 108 gän
2196 2842 270 95 Ihr?!
2537 2904 117 8 —

958 2971 412 121 (Ropfer
1433 2971 196 96 und
1691 2971 284 96 Jules
2041 2971 405 91 werden
2512 2967 400 95 unsanft
2975 2967 583 116 angefasst.)

1016 3125 321 92 Jules:
1395 3125 409 96 Patron!
1866 3125 315 116 Jetzt
2204 3125 232 91 oder
2491 3125 200 92 nie!
2758 3121 317 116 (Zieht
3133 3125 158 87 ein
3346 3117 404 95 Fläsch-

775 3250 250 96 chen
1070 3287 209 59 aus
1362 3250 175 96 der
1612 3250 850 112 Westentasche.)

1016 3404 421 117 Ropfer:
1495 3400 434 121 Richtig!
1991 3400 275 96 Jetzt
2304 3400 262 96 oder
2621 3400 200 92 nie!
2887 3396 317 116 (Zieht
3262 3392 504 100 ebenfalls

775 3537 158 88 ein
1037 3529 625 96 Fläschchen
1775 3529 396 104 hervor,
2312 3525 300 92 beide
2729 3533 342 84 setzen
3162 3554 104 59 es
3350 3554 125 59 an
3558 3521 196 92 den

770 3654 346 113 Mund,
1187 3654 308 96 fallen
1558 3654 167 92 auf
1787 3654 163 92 die
2012 3650 371 96 beiden
2441 3650 546 104 Fauteuils,
3058 3646 158 96 die
3283 3683 179 59 vor
3529 3646 237 92 dem

779 3779 296 96 Tisch
1137 3779 354 96 stehen
1558 3775 196 96 und
1816 3775 450 96 schlafen
2333 3775 317 96 sofort
2721 3775 225 117 ein.)

1029 3946 466 96 Madame
1570 3942 450 96 Schmidt
2100 3946 412 117 (Ropfer
2587 3946 179 92 das
2846 3942 620 96 Fläschchen
3541 3950 221 142 ent-

779 4075 529 117 reissend):
1387 4071 167 100 Sie
1625 4071 195 96 han
1895 4071 213 96 Gift
2183 4071 558 117 genumme!

1025 4225 454 96 Susanne
1616 4225 321 117 (Jules
2041 4225 180 96 das
2316 4221 625 100 Fläschchen
3046 4217 712 121 entreissend):

766 4421 67 42 „
850 4350 241 113 Mon
1158 4350 346 108 Dieu",
1579 4350 166 100 Sie
1808 4350 200 96 han
2075 4350 212 96 sich
2354 4346 400 121 vergift!

1029 4517 471 96 Madame
1579 4517 421 154 Ropfer:
2146 4517 225 108 Han
2454 4517 167 96 Sie
2708 4517 267 91 kenn
3062 4513 479 120 Angscht,
3633 4508 129 159 do

787 4642 338 100 d'rzue
1208 4650 150 88 sin
1441 4646 167 96 alli
1691 4650 250 88 zwei
2025 4642 200 96 viel
2312 4679 113 59 ze
2512 4642 229 117 feig,
2825 4642 200 91 viel
3121 4675 112 58 ze
3321 4633 408 117 „lâche",

791 4771 71 92 ‘s
920 4771 213 96 isch
1191 4804 179 59 nur
1433 4804 50 63 e
1545 4767 746 100 Schlofelixier!

1033 4921 475 96 Madame
1570 4921 450 96 Schmidt
2087 4917 204 121 (auf
2358 4921 221 92 dem
2641 4917 625 96 Fläschchen
3333 4917 442 117 lesend):

791 5046 421 121 Richtig,
1275 5046 437 121 Ropfers
1787 5046 738 100 Schlafelixier!
2629 5104 125 13 —
2854 5046 242 108 „Oh,
3166 5046 146 92 les
3383 5042 388 96 lâches!

791 5167 184 117 Oh,
1041 5171 150 96 les
1258 5171 579 100 canailles!”
