1 1
1776 368 164 60 -
2071 317 190 163 20
2342 353 164 74 -

879 537 412 100 Albert:
1350 541 500 100 D'Messti
1912 554 154 91 sin
2120 587 126 58 au
2304 570 254 100 ganz
2612 566 267 109 guet,
2941 591 109 63 es
3108 558 221 100 hett
3383 570 321 88 ziem-

620 666 209 100 lich
904 670 196 100 viel
1170 670 663 125 Schläjereje.

875 829 429 121 Ropfer:
1383 833 162 96 Un
1620 866 125 63 au
1825 875 50 58 e
1954 875 250 79 paar
2279 845 262 92 netti
2621 812 591 138 „accidents
3291 845 409 100 d’auto-

625 958 449 95 mobile“
1137 962 204 96 han
1404 962 179 96 m'r
1650 970 104 88 in
1825 962 145 96 d'r
2045 966 396 121 Gejend
2508 970 346 117 g'hett.

870 1129 338 137 Jules:
1270 1133 196 113 Ah,
1541 1137 525 117 „patron“,
2137 1141 163 92 ich
2366 1141 196 96 hab
2633 1179 525 62 ewe-n-au
3229 1183 54 58 e
3350 1146 341 100 kleins

625 1262 630 118 „accident“
1216 1262 404 121 g'hett
1687 1275 179 87 mit
1937 1304 171 58 ere
2175 1271 521 95 Postkart.
2771 1271 320 125 (Zeigt
3162 1275 167 96 die
3396 1279 295 96 Post-

625 1391 304 96 karte
995 1400 180 87 mit
1245 1396 225 91 dem
1537 1396 721 120 Tintenfleck.)
2329 1400 137 96 So
2533 1400 346 100 könne
2946 1404 183 96 m'r
3196 1404 166 96 die
3429 1404 271 96 Kart

625 1521 266 95 doch
954 1521 579 120 unmöglich
1595 1525 705 100 furtschicke?

875 1691 429 121 Ropfer:
1366 1696 313 112 „Bien
1741 1708 167 83 sûr
1970 1737 196 84 que
2221 1700 295 96 non“.
2571 1766 129 9 —
2758 1704 229 96 Gän
3046 1704 170 100 Sie
3229 1708 229 92 mir
3516 1708 180 96 die

625 1816 258 100 Kart
966 1821 275 100 here.
1400 1825 166 96 Sie
1658 1825 387 100 kummt
2137 1829 179 96 m'r
2408 1833 250 121 grad
2741 1841 200 88 wie
3033 1837 646 117 gewunsche.

629 1950 229 96 Jetz
941 1950 396 100 hawich
1416 1962 242 88 mini
1741 1958 246 96 Zahl
2066 1958 234 96 voll.

920 2108 288 96 Jules
1275 2112 229 117 (den
1562 2112 754 100 Unwissenden
2379 2117 542 120 spielend):
3058 2117 229 100 Wie
3350 2125 337 92 meine

625 2233 166 100 Sie
870 2237 275 96 diss?

870 2392 392 120 Ropfer
1379 2400 212 117 (hat
1679 2408 162 88 ein
1925 2400 329 96 Paket
2337 2404 629 96 Postkarten
3091 2442 180 58 aus
3396 2412 283 88 einer

620 2521 546 100 Schachtel
1233 2525 425 125 geholt):
1729 2529 279 96 Sehn
2075 2529 100 113 ‘r,
2241 2529 163 96 Ihr
2466 2537 296 113 junge
2829 2529 267 121 Lytt,
3162 2537 246 113 jetzt
3471 2533 212 96 will

620 2654 163 92 ich
854 2654 241 121 Ejch
1175 2696 54 54 e
1308 2658 317 96 kleini
1700 2658 441 96 Lektion
2221 2667 191 112 gän
2491 2696 134 58 un
2708 2667 283 108 zeije,
3071 2696 216 58 was
3371 2658 308 121 Spar-

595 2783 463 96 samkeit
1129 2787 246 96 isch.
1454 2787 520 112 „Tenez“,
2033 2787 171 96 alli
2279 2787 350 113 Karte,
2708 2796 196 87 wie
2979 2792 167 91 ich
3221 2796 133 87 im
3425 2787 258 96 Lauf

616 2946 204 58 vun
866 2912 125 96 de
1041 2912 213 125 drej
1304 2917 446 95 letschte
1800 2917 320 95 Johre
2175 2925 150 87 nit
2375 2917 625 104 fortschicke
3050 2921 200 91 hab
3304 2917 375 112 könne,

616 3042 238 96 wiel
920 3046 146 92 sie
1133 3054 117 84 üs
1320 3054 263 88 ierix
1650 3054 200 88 ime
1925 3046 354 96 Grund
2350 3046 658 96 unbrüchbar
3083 3083 338 59 worre
3496 3054 191 104 sin,

625 3171 158 96 die
870 3171 396 96 hawich
1295 3175 230 96 alli
1608 3175 387 96 schoen
2079 3171 521 121 uffg'hebt,
2696 3183 391 88 anstatt
3171 3179 150 92 sie
3404 3192 275 100 weg-

620 3300 642 113 zeschmisse,
1325 3308 200 92 wie
1587 3304 171 96 Sie
1829 3300 71 96 ‘s
1962 3300 442 96 verlicht
2471 3300 470 121 gemacht
3008 3300 317 96 hätte.
3396 3300 283 96 Jetzt

616 3425 404 100 hawich
1100 3429 245 121 grad
1425 3438 183 87 200
1691 3433 329 92 Karte
2095 3429 480 113 bienand,
2666 3467 134 58 un
2883 3429 129 96 do
3100 3425 312 100 d'rfor
3500 3429 179 96 be-

616 3554 342 100 kumm
1008 3563 162 91 ich
1220 3567 246 112 jetzt
1520 3596 209 62 vun
1783 3558 183 96 der
2025 3558 371 96 Poscht
2450 3563 221 91 vier
2725 3558 204 96 mol
2983 3563 183 87 200
3221 3554 466 121 Pfennig,

620 3688 338 95 macht
1037 3696 54 87 8
1166 3688 338 100 Mark,
1591 3688 75 100 ‘s
1741 3688 221 95 isch
2037 3696 154 87 nit
2271 3688 204 95 viel
2562 3688 292 108 Geld,
2941 3692 280 91 awer
3308 3683 71 96 ‘s
3462 3688 217 91 isch

625 3850 241 79 „par
945 3821 574 122 principe“,
1583 3817 237 96 dass
1900 3817 166 96 ich
2150 3817 208 96 diss
2441 3817 325 96 mach.
2846 3879 129 9 —
3050 3813 171 95 An
3300 3850 112 58 so
3496 3813 179 95 ebs

620 3942 288 96 hätte
979 3946 171 100 Sie
1216 3946 859 96 wohrschienlich
2150 3950 146 92 nit
2375 3946 521 117 gedenkt?

875 4113 320 100 Jules:
1279 4117 496 112 „Pardon,
1845 4129 459 119 patron“,
2387 4117 163 96 ich
2625 4113 416 96 sammel
3116 4150 113 59 so
3304 4113 383 96 Karte-

620 4271 230 79 n,au.

875 4392 433 118 Ropfer:
1355 4392 305 118 Diss
1679 4392 294 141 kann
2014 4392 199 118 ich
2265 4392 260 135 jetzt
2572 4392 383 124 fascht
3002 4392 160 118 nit
3237 4392 433 135 glauwe!

879 4550 329 96 Jules:
1275 4554 491 113 „Pardon,
1829 4554 467 125 patron“,
2366 4554 155 96 ich
2591 4550 209 100 will
2866 4554 150 92 sie
3083 4546 263 125 glich
3412 4546 267 121 gehn

629 4679 258 96 hole,
975 4684 162 116 (ab
1216 4684 263 95 nach
1558 4684 342 120 links).

883 4834 367 100 Albert
1329 4838 496 121 (abseits):
1916 4842 134 96 So
2129 4879 54 59 e
2258 4838 367 100 Fuchs!
2712 4838 134 96 So
2933 4875 54 59 e
3066 4834 633 145 „canaille“!

879 5004 425 121 Ropfer:
1441 5009 559 112 „Vraiment,
2070 5017 517 88 monsieur
2658 5004 292 101 Jules
3021 5017 158 88 est
3250 5038 133 62 un
3454 5025 221 100 gar-

633 5167 192 83 çon
895 5134 442 96 modele!
1445 5196 130 13 —
1687 5138 279 96 C'est
2045 5134 728 130 prodigieux“!
2908 5134 213 96 Alli
3204 5142 475 113 guete-n-

625 5263 620 121 Eijeschafte
1295 5263 342 96 hett'r!
1691 5325 129 13 —
1870 5267 317 96 Finde
2241 5267 171 96 Sie
2466 5271 150 88 nit
2666 5300 159 75 au,
2883 5267 263 96 Herr
3200 5263 483 117 Dokter ?

883 5417 367 96 Albert
1316 5417 296 121 (ohne
1670 5421 205 96 viel
1933 5417 892 125 Ueberzeugung):
2896 5417 154 113 Ja,
3116 5421 130 117 ja!
