1 1
1652 333 176 148 —
1942 329 152 177 85
2195 325 213 164 —

770 616 392 146 Jeanne
1245 591 705 154 (schelmisch):
2037 625 184 108 Oh,
2300 625 166 95 Sie
2546 645 245 100 ganz
2850 620 637 105 Schlimmer!

520 812 125 8 —
704 750 158 137 Un
925 787 108 58 so
1100 754 195 91 han
1354 750 166 95 Sie
1591 754 88 91 d'
1745 754 434 104 Mamme
2250 787 129 58 un
2441 754 259 116 mich
2766 754 721 116 ang'schnitzt?

520 883 130 111 ―
694 858 495 128 Eijetlich
1233 867 221 144 sott
1506 883 163 102 ich
1722 883 238 111 Ihne
2012 883 279 119 jetzt
2343 867 238 127 ganz
2633 867 247 119 böes
2956 867 188 126 sin.

770 1029 388 128 Albert
1209 1029 247 103 (ihre
1549 1029 338 120 Hände
1963 1004 654 153 ergreifend):
2676 1029 819 120 „Mademoiselle

525 1150 513 124 Jeanne",
1075 1162 400 108 verzeje
1541 1154 167 100 Sie
1775 1154 204 112 m'r,
2054 1191 104 59 es
2229 1158 183 92 soll
2479 1166 337 84 nimmi
2879 1158 612 108 vorkumme,

529 1316 104 59 es
708 1279 362 96 brücht
1150 1287 91 113 jo
1325 1316 125 59 au
1525 1287 337 88 nimmi
1941 1283 738 108 vorzekumme,
2766 1283 230 92 wiel
3083 1316 183 59 uns
3350 1283 146 92 d'r

525 1408 483 108 „hasard"
1100 1408 620 117 (scherzend)
1816 1404 846 125 z'ammeg'füehrt
2741 1408 242 108 hett,
3075 1441 129 59 un
3291 1408 200 92 diss

520 1533 592 96 hoffentlich
1170 1533 159 96 for
1391 1541 375 88 immer.

770 1687 396 92 Jeanne
1229 1687 204 117 (ihn
1487 1687 421 92 zärtlich
1966 1687 650 117 umarmend):
2683 1687 196 92 For
2933 1687 383 92 immer!

770 1825 367 95 Albert
1241 1829 375 112 (nimmt
1691 1829 388 91 Jeanne
2146 1833 100 87 in
2316 1833 275 87 seine
2675 1825 329 108 Arme,
3108 1825 388 95 Jeanne

525 1954 483 116 schmiegt
1079 1954 212 91 sich
1362 1991 125 54 an
1558 1954 237 112 ihn):
1879 1954 417 104 Jeanne,
2375 1950 254 95 liebs
2708 1954 417 146 Jeanne,
3204 1987 54 58 o
3337 1950 163 95 ich

525 2083 166 87 bin
741 2116 192 59 eso
1012 2079 600 116 glüecklich!
1691 2029 154 141 Dü
1916 2079 450 91 kannsch
2441 2095 171 96 gar
2683 2083 146 87 nit
2900 2083 329 100 wisse,
3304 2083 192 87 wie

487 2183 600 137 glüecklich
1145 2204 230 91 dass
1433 2204 158 91 ich
1650 2200 200 95 bin.

770 2329 430 116 Jeanne:
1279 2354 158 96 Un
1508 2354 158 91 ich
1737 2387 146 71 au,
1962 2350 400 95 Albert!

770 2495 400 88 Albert:
1245 2491 155 96 Dü
1475 2500 195 83 min
1741 2491 279 104 liebs,
2108 2504 308 104 guets,
2500 2491 387 117 herzigs
2962 2491 529 92 Jeannele!

529 2620 337 117 (Küsst
925 2629 145 83 sie
1129 2620 554 92 stürmisch.
1741 2616 379 117 Ropfer
2179 2616 196 92 und
2433 2616 283 96 Jules
2771 2616 441 92 schauen
3266 2650 225 58 vor-

525 2745 358 117 sichtig
1008 2779 175 58 aus
1250 2745 316 92 ihrem
1629 2741 500 96 Versteck
2196 2741 433 117 hervor.)
2704 2733 350 133 „Enfin
3070 2733 392 133 seuls!"

766 2883 434 92 Jeanne:
1345 2879 346 112 „Enfin
1766 2879 371 96 seuls!"
2229 2879 342 117 (Küsst
2641 2875 367 95 Albert
3083 2875 408 95 wieder.

520 3008 188 96 Die
770 3008 392 92 hintere
1225 3004 258 96 Türe
1550 3004 312 96 öffnet
1933 3004 208 92 sich
2204 3004 200 92 und
2466 3012 125 84 im
2658 3004 617 92 Türrahmen
3341 3037 150 59 er-

525 3133 387 92 scheint
1025 3133 179 92 der
1320 3129 330 96 Onkel
1762 3129 379 96 Anatol
2254 3137 179 84 mit
2546 3125 679 96 Handkoffer
3296 3125 245 125 und

525 3258 1016 96 Immortellenkranz.
1612 3254 379 121 Ropfer
2058 3254 204 96 und
2333 3254 279 96 Jules
2691 3254 355 96 ziehen
3116 3246 384 104 schnell

520 3383 192 96 den
762 3383 267 117 Kopf
1079 3383 375 96 zurück
1508 3383 200 96 und
1762 3383 550 92 schliessen
2362 3383 159 92 die
2575 3379 371 92 beiden
2996 3379 495 96 Schrank-

520 3516 359 113 türen.)

766 3612 417 117 Anatol:
1258 3637 537 117 (hustend):
1866 3633 221 96 Hm!
2154 3633 225 92 Hm!

770 3775 392 91 Jeanne
1258 3775 700 116 (auffahrend):
2058 3775 300 108 „Mon
2450 3771 358 95 Dieu"
2900 3771 166 91 D'r
3162 3771 329 95 Unkel

520 3900 413 91 Anatol!
1004 3958 125 13 —

770 4021 400 95 Albert:
1254 4021 462 120 Sapristi!

770 4162 413 92 Anatol:
1241 4162 159 92 Ihr
1458 4162 362 92 müehn
1879 4166 554 100 excüsiere,
2491 4158 230 92 dass
2779 4158 154 92 ich
2991 4162 146 88 nit
3154 4179 337 133 ange-

525 4291 329 117 klopft
920 4291 225 92 hab.
1220 4287 163 92 Ich
1458 4287 179 92 hör
1708 4283 254 96 doch
2037 4291 171 100 nit,
2287 4283 121 96 ob
2483 4283 175 92 m'r
2733 4296 400 95 „entrez"
3275 4291 221 84 saat

525 4416 241 92 oder
820 4425 171 100 nit,
1054 4412 125 96 do
1237 4412 296 92 hetts
1595 4446 121 58 au
1775 4412 266 92 kenn
2095 4408 380 104 Werth,
2541 4404 261 120 dass
2831 4412 195 95 ich
3063 4387 427 137 anklopf.

770 4541 467 116 Jeanne
1367 4549 574 99 „Bonjour"
2046 4549 359 91 Unkel.
2486 4524 317 141 (Laut)
2908 4541 192 96 M'r
3196 4541 295 92 welle

529 4675 254 116 gehn
866 4675 88 96 d'
1041 4675 434 96 Mamme
1591 4679 625 108 preveniere,
2341 4671 230 91 dass
2691 4671 125 91 dü
2937 4666 134 96 do
3175 4666 316 96 bisch.

520 4804 355 92 Kumm
941 4800 392 91 Albert.
1412 4800 408 116 (Albert
1875 4800 200 87 und
2146 4796 387 91 Jeanne
2608 4796 188 112 ab.)

770 4937 413 96 Anatol:
1250 4937 79 96 E
1387 4946 725 104 zue-n-artiger
2175 4933 283 108 Herr,
2525 4933 229 92 dass
2829 4933 71 92 'r
2966 4929 71 96 ‘s
3100 4933 391 100 Jeanne

520 5071 580 112 getröescht
1158 5066 242 105 hett,
1470 5100 100 54 es
1633 5062 208 92 isch
1904 5096 183 58 zue
2150 5066 204 109 arig
2416 5091 121 59 an
2600 5058 141 92 d'r
2800 5066 691 84 verstorwene

520 5146 308 137 Tante
920 5175 421 129 g'hängt.
1425 5187 162 117 (Er
1662 5196 258 83 setzt
1995 5187 209 92 sich
2279 5183 329 92 direkt
2683 5216 179 59 vor
2941 5187 305 88 einen
3316 5179 175 92 der

520 5316 367 92 beiden
941 5312 584 117 Schränke.)
1587 5312 204 92 Vor
1845 5312 292 92 allem
2196 5308 300 96 welle
2546 5304 193 116 m'r
2779 5304 253 116 emol
3096 5304 83 92 d'
3237 5304 254 92 Pan-
