1 1
2071 336 704 131 - 48 -

1089 568 421 121 Ropfer:
1604 578 434 96 Muesch
2129 595 613 109 acceptiere,
2842 630 105 58 er
3042 596 214 96 isch
3350 606 213 113 arig
3659 639 200 59 em-

834 696 517 117 pfindlich.

1088 856 383 96 Anatol
1538 861 358 117 (öffnet
1959 866 162 95 die
2184 866 262 100 Türe
2513 871 267 99 links
2842 880 204 95 und
3105 880 170 96 läd
3334 889 178 92 mit
3575 893 284 92 einer

829 980 867 127 Handbewegung
1779 990 480 101 Madame
2350 995 450 104 Schmidt
2892 1013 188 105 ein,
3170 1014 680 121 vorzugehen.

829 1109 388 118 Ropfer
1299 1115 363 121 drängt
1745 1119 476 100 Madame
2309 1124 454 101 Schmidt
2845 1134 418 122 hinein):
3358 1139 79 96 E
3520 1140 188 99 zue
3796 1182 58 58 e

829 1246 437 110 trüriger
1333 1240 255 100 Fall!
1671 1244 307 117 (Geht
2049 1249 480 101 Madame
2608 1259 450 100 Schmidt
3137 1268 326 121 nach.)

1074 1406 388 121 Ropfer
1533 1415 379 113 (nimmt
1974 1424 163 91 ein
2191 1420 629 105 Fläschchen
2883 1467 179 63 aus
3124 1435 184 96 der
3366 1439 471 122 Tasche):

820 1531 925 105 Vorsichtshalwer
1853 1545 209 96 will
2170 1554 163 91 ich
2445 1559 129 87 im
2687 1555 337 100 Unkel
3137 1564 383 97 Anatol
3637 1572 207 93 diss

816 1659 467 101 Fläschel
1362 1665 741 104 Schlofelexier
2173 1683 500 96 ninstelle.
2816 1684 170 97 Nit
3058 1689 233 96 dass
3369 1693 71 96 'r
3508 1706 116 87 üs
3695 1698 149 95 d'r

823 1785 371 100 Schuel
1258 1793 449 97 babbelt.
1777 1799 376 101 Trinke
2219 1808 284 96 wurd
2573 1812 71 93 ’r
2712 1809 71 100 ‘s
2853 1817 341 113 schun,
3266 1818 204 100 diss
3536 1832 304 90 weiss

819 1914 200 96 ich!
1107 1918 195 117 (Ab
1377 1924 259 95 nach
1711 1928 329 113 links.)

1065 2085 287 133 Jules
1415 2094 425 113 (streckt
1890 2099 196 95 den
2136 2100 271 120 Kopf
2457 2142 179 59 aus
2694 2109 175 95 der
2923 2113 909 117 Telephonkabine

814 2210 443 125 heraus):
1322 2218 114 93 D'
1497 2219 230 96 Luft
1786 2228 215 92 isch
2060 2237 254 92 rein!
2385 2233 163 118 (Er
2610 2239 384 116 spricht
3053 2251 99 87 in
3211 2246 162 97 die
3435 2247 397 97 Kabine

814 2338 375 122 hinein)
1256 2343 291 100 Wart
1601 2354 268 91 noch
1935 2391 51 59 e
2051 2357 351 97 bissel!

1064 2510 387 121 Ropfer
1531 2519 254 116 (tritt
1864 2557 204 59 von
2139 2525 267 95 links
2485 2533 167 92 auf
2727 2534 204 92 und
3006 2539 387 113 spricht
3468 2547 100 88 in
3647 2547 184 93 das

814 2634 425 97 Zimmer
1301 2643 417 122 hinein):
1792 2649 168 92 Ich
2022 2650 234 95 kum
2322 2655 246 116 grad
2631 2659 416 97 widder.
3127 2663 162 114 (Er
3360 2668 553 97 schliesst

813 2763 162 93 die
1051 2764 263 97 Türe
1392 2769 193 120 ab.)

1060 2918 325 100 Jules:
1525 2928 376 113 Jesses,
1980 2933 142 95 d'r
2205 2942 526 112 „patron“!
2877 2946 162 113 (Er
3117 2951 467 97 schliesst
3660 2953 166 96 die

805 3047 400 97 Kabine
1275 3052 196 117 ab.)

1055 3202 366 100 Albert
1505 3214 254 113 (tritt
1841 3215 314 97 durch
2230 3221 162 95 die
2471 3222 305 100 Mitte
2858 3230 243 117 auf):
3255 3234 562 119 „Bonjour“

796 3327 592 104 biesamme!
1458 3339 321 114 (Jules
1834 3345 203 92 und
2088 3346 383 116 Ropfer
2534 3351 386 100 drehen
2975 3359 209 93 sich
3241 3397 576 63 zusammen

804 3489 162 59 um
1038 3460 199 92 und
1312 3464 221 93 sind
1604 3474 696 112 unangenehm
2375 3479 667 122 überrascht.)

1049 3626 385 118 Ropfer
1513 3632 191 117 (für
1779 3640 284 117 sich):
2129 3629 479 133 „Bigre!”

1053 3780 317 97 Jules:
1449 3786 188 116 (für
1708 3790 283 121 sich):
2062 3795 575 121 Nundepip!

1048 3948 405 97 Albert:
1508 3956 166 96 Nit
1728 3961 308 113 wohr,
2091 3965 159 93 Ihr
2304 3975 149 87 sin
2508 3991 249 97 ganz
2808 3984 682 109 verwundert,
3544 3986 263 96 mich

798 4073 313 96 schun
1174 4081 384 96 widder
1623 4086 125 96 do
1815 4125 113 57 ze
1995 4091 313 96 sehn?

1044 4244 417 120 Ropfer:
1532 4253 200 108 „En
1803 4257 333 100 effet“.

1043 4398 325 100 Jules:
1428 4406 162 97 Ich
1648 4411 196 96 hab
1907 4429 462 104 gemeint,
2431 4429 129 92 dü
2615 4430 288 96 bisch
2957 4439 96 91 in
3114 4435 680 105 Bade-Bade?

1043 4569 401 96 Albert:
1589 4578 229 96 Diss
1903 4583 169 96 bin
2153 4592 161 91 ich
2398 4629 120 58 au
2602 4597 276 115 g'sin.
3035 4605 326 97 Wenn
3443 4614 160 96 ich
3686 4653 112 58 so

789 4690 383 100 schnell
1215 4702 387 93 widder
1652 4707 362 114 kumm,
2072 4750 110 58 ze
2235 4717 171 95 het
2456 4722 200 96 diss
2710 4734 150 88 sin
2910 4751 246 96 ganz
3211 4744 587 111 eijethüem-

789 4814 188 96 lich
1047 4819 634 105 Bewandnis.
1739 4836 75 92 E
1872 4842 442 120 wichtgi
2373 4846 708 126 Angelejeheit
3139 4863 338 101 füehrt
3535 4874 263 91 mich

792 4943 126 92 do
992 4944 272 100 here.
1335 5015 125 9 —
1531 4957 166 96 Sie
1781 4966 442 101 erlauwe
2298 4975 287 112 doch,
2667 4980 231 100 dass
2973 4989 161 95 ich
3209 4994 263 95 mich
3548 5011 244 99 setz,

789 5085 162 75 um
1010 5072 237 97 Ihne
1313 5078 159 95 die
1539 5082 262 100 Sach
1859 5108 634 88 vorzetraue.

1035 5223 417 121 Ropfer:
1517 5236 150 113 Ja,
1731 5253 391 104 gewiss,
2184 5312 126 13 —
2372 5254 226 117 (Für
2659 5263 243 121 sich)
2967 5251 159 113 Un
3185 5273 416 100 d'ander
3663 5281 125 93 do

788 5343 417 101 drinne!
