1 1
2079 266 696 163 - 36 -

916 533 604 121 werikslytt,
1600 537 329 100 Paket
2008 579 204 58 vun
2287 545 146 92 d’r
2512 545 396 117 Poscht,
2991 550 567 120 Depesche,
3641 558 300 112 Holz,

912 658 358 117 Kohle,
1341 662 442 104 Lohkäs!
1858 670 158 92 Un
2091 670 338 100 d’rzue
2504 687 150 83 sin
2729 679 179 91 m'r
2975 687 587 92 mitte=n-im
3637 687 288 96 Sum-

912 795 250 88 mer!
1233 791 625 100 Verdammti
1925 795 354 96 Karte!
2346 862 129 38 —
2541 804 163 116 (Er
2775 808 416 117 ergreift
3262 808 163 96 die
3496 812 433 113 Palette,

912 916 163 96 die
1125 920 166 92 auf
1341 920 229 96 dem
1591 920 384 130 Stuhle
2029 925 267 121 liegt,
2354 929 179 96 der
2583 966 188 63 vor
2821 933 179 96 der
3058 937 467 96 Staffelei
3575 941 341 121 steht.)

912 1046 163 91 Un
1125 1046 187 108 ich,
1366 1054 196 87 wie
1616 1050 263 96 mich
1937 1087 171 59 eso
2166 1054 334 117 g'frait
2550 1058 225 108 hab,
2833 1062 383 96 wieder
3275 1066 258 92 emol
3591 1071 334 95 nooch

908 1171 729 100 Hierzesluscht
1712 1179 267 92 mole
2062 1216 117 59 ze
2266 1191 363 100 könne,
2754 1187 258 96 ohne
3100 1191 233 96 dass
3412 1191 184 96 m'r
3679 1200 242 87 mini

904 1296 266 95 Frau
1237 1300 250 91 d'rin
1545 1308 171 88 nin
1775 1304 458 96 babbelt!

1158 1466 287 96 Jules
1504 1471 233 116 (von
1787 1471 263 95 links
2100 1483 179 88 mit
2333 1483 325 88 einem
2712 1500 421 100 grossen
3166 1483 288 100 Stoss
3491 1487 421 121 Briefe):

908 1591 540 135 „Patron“,
1504 1596 125 95 do
1695 1596 146 95 d'r
1912 1600 450 96 Courier.

1150 1746 387 133 Ropfer
1637 1766 196 117 (die
1900 1766 396 96 Palette
2362 1775 384 91 wieder
2812 1775 617 121 hinlegend):
3537 1746 371 145 ,Bon“,

900 1887 391 117 allewaj
1354 1891 387 96 widder
1804 1929 50 58 e
1916 1900 200 112 neji
2179 1904 646 118 „surprise“!
2862 1900 163 117 (Er
3087 1904 234 96 liest
3383 1904 196 96 den
3646 1904 258 96 Cou-

895 2021 267 116 rier.)
1237 2017 221 95 Ihre
1533 2021 254 91 zehn
1854 2025 617 96 Postkarten
2537 2037 175 84 mit
2783 2029 721 121 Bestellungen
3579 2033 167 92 auf
3812 2042 92 108 je

895 2142 434 129 hundert
1391 2146 459 121 Blutegel
1916 2150 484 112 erhalten,
2466 2154 342 96 werde
2875 2158 321 92 sofort
3258 2158 163 96 die
3483 2158 417 96 bestell-

895 2279 171 83 ten
1141 2275 429 100 tausend
1641 2275 463 117 Blutegel
2183 2279 483 92 schicken
2746 2354 182 25 ..
3033 2283 79 92 E
3187 2283 554 121 nundepip!
3821 2283 79 96 E

891 2396 554 116 nundepip!
1525 2396 245 96 Was
1854 2400 183 92 soll
2120 2404 163 92 ich
2362 2408 179 88 mit
2625 2412 329 109 töusig
3037 2404 600 121 Bluetsüger
3725 2446 175 58 an-

891 2521 367 121 fange?
1329 2583 129 13 —
1529 2525 850 117 (Weiterlesend.)
2462 2529 221 96 Ihre
2754 2533 779 96 unverschämte
3608 2533 288 96 Post-

891 2646 296 96 karte
1283 2650 483 108 erhalten,
1866 2654 342 92 werde
2308 2654 317 117 Klage
2729 2658 617 109 einreichen;
3458 2662 446 113 (weiter-

891 2771 388 121 lesend)
1358 2775 221 96 Ihre
1650 2775 850 121 liebenswürdige
2575 2779 558 121 Einladung
3212 2783 429 96 nehmen
3721 2787 179 92 be-

891 2912 275 84 stens
1237 2900 471 96 dankend
1783 2942 125 54 an
1993 2979 185 32 ...
2266 2904 496 121 Innigstes
2833 2908 392 96 Beileid
3323 2987 163 27 ...
3575 2912 316 92 Herz-

887 3025 263 96 liche
1237 3025 646 100 Gratulation
1957 3104 208 25 ...
2329 3033 304 117 (wirft
2716 3033 196 96 den
2996 3054 387 96 ganzen
3471 3038 425 91 Courier

891 3154 288 117 weg).
1333 3154 275 96 Jetzt
1695 3154 146 96 les
1925 3158 162 92 ich
2171 3158 312 92 schun
2600 3179 171 96 gar
2883 3167 342 87 nimmi
3337 3163 554 112 wittersch,

891 3279 363 92 sunsch
1312 3279 471 96 bekumm
1850 3283 162 92 ich
2075 3283 258 92 noch
2400 3283 87 92 d'
2558 3283 492 96 Gälsucht
3112 3321 184 58 vor
3358 3288 400 116 Aerjer!

1137 3471 321 92 Jules:
1600 3475 204 92 Der
1912 3475 284 108 Stoss
2300 3479 283 92 wurd
2691 3513 175 58 uns
2971 3479 258 96 noch
3337 3517 50 54 e
3491 3479 388 96 manchi

887 3600 570 112 „surprise“
1441 3600 467 117 bringe!

1133 3763 417 120 Ropfer:
1620 3767 325 96 Wenn
2016 3771 155 92 ich
2241 3771 325 92 denne
2637 3771 688 112 Schampetiss
3396 3783 291 84 unter
3754 3775 129 92 de

883 3892 358 121 Finger
1300 3892 245 112 hätt,
1612 3892 154 96 ich
1833 3896 321 117 glaub,
2221 3896 158 92 ich
2441 3896 213 96 thät
2725 3896 150 96 ‘ne
2941 3900 242 117 grad
3246 3900 629 117 verkripple!

1129 4059 683 116 Schampetiss
1900 4063 350 116 (durch
2325 4063 162 96 die
2571 4063 304 96 Mitte
2954 4067 404 108 herein,
3416 4067 459 92 ziemlich

879 4184 566 116 kleinlaut):
1525 4188 558 112 „Bonjour“
2158 4196 129 88 im
2362 4188 363 96 Herre!

1125 4350 416 117 Ropfer:
1625 4350 195 96 Ah!
1908 4354 250 109 „Par
2237 4354 567 117 exemple!“
2879 4354 158 92 Ihr
3112 4354 192 92 han
3383 4354 175 96 m'r
3633 4354 300 117 jetzt

879 4475 241 117 grad
1183 4475 379 121 g'fehlt!
1629 4475 658 96 Welle-n-Ihr
2354 4479 142 92 uff
2558 4479 142 96 d'r
2766 4479 359 96 G'stell
3191 4484 380 108 mache,
3641 4484 271 91 dass

875 4604 70 92 'r
1016 4604 384 92 widder
1466 4604 629 130 nüskumme!

1120 4767 688 121 Schampetiss
1954 4771 300 113 (zieht
2366 4779 221 88 eine
2696 4771 316 96 Karte
3121 4775 441 117 hervor):
3712 4771 150 96 Ei!

870 4896 292 96 Herr!
1250 4896 154 92 Ihr
1483 4900 196 92 han
1754 4896 179 96 m'r
2008 4904 92 113 jo
2183 4934 54 58 e
2321 4896 254 96 Kart
2658 4900 646 113 g'schriwwe,
3391 4900 234 92 dass
3708 4900 158 92 ich

870 5021 380 92 widder
1320 5021 396 100 kumme
1787 5025 221 92 soll!
2091 5025 417 109 „Parole
2579 5021 650 100 d'honneur!”

1116 5188 417 117 Ropfer:
1620 5188 184 112 Oh,
1887 5192 154 92 Ihr
2120 5192 259 92 Ross
2462 5192 367 92 Gottes
2912 5230 159 54 am
3150 5188 708 96 Palmsundaa!

1037 5313 167 92 Ich
1258 5317 237 117 Ejch
1550 5317 696 117 gschriwwe?
2304 5380 125 8 —
2483 5317 375 117 Simpel
2912 5317 450 96 dauwer!
3425 5317 225 92 Han
3704 5313 158 96 Ihr
