1 1
1921 315 745 122 - 44 -

1041 538 428 119 Ropfer:
1533 545 208 108 „En
1804 546 337 115 effet“,
2204 590 212 59 was
2479 592 54 58 e
2599 555 437 101 Glüeck!
3099 624 121 9 —
3287 567 232 116 (Für
3578 569 251 121 sich)

786 662 404 122 „Bigre!
1261 668 408 122 Bigre!“

1039 842 483 99 Madame
1602 847 495 100 Schmidt:
2248 856 133 94 Es
2472 867 184 112 gitt
2739 860 263 97 doch
3085 867 263 95 noch
3435 905 50 58 e
3568 872 259 96 Vor-

784 970 426 123 sehung!

1037 1125 422 122 Ropfer:
1526 1133 400 98 Gewiss
1983 1137 268 119 gitt's
2308 1146 239 92 eini!
2609 1143 438 101 Gewiss!
3100 1211 130 10 —
3284 1150 232 117 (Für
3571 1152 250 122 sich)

779 1254 166 97 Un
1029 1256 150 96 d'r
1262 1253 317 101 ander
1666 1267 129 89 im
1883 1264 567 122 Telephon!
2608 1272 338 117 (Stellt
3032 1278 213 93 sich
3328 1284 179 92 mit
3595 1281 230 95 dem

774 1383 437 96 Rücken
1265 1423 129 59 an
1449 1387 162 96 die
1636 1388 754 122 Telephontür,
2453 1404 296 89 sucht
2803 1406 175 89 mit
3036 1403 179 96 der
3270 1408 300 94 Hand
3628 1407 196 99 den

781 1509 550 114 Schlüssel,
1402 1516 363 117 jedoch
1839 1522 260 95 ohne
2174 1523 374 119 Erfolg.
2624 1526 132 96 Er
2831 1528 358 97 schaut
3257 1534 262 96 nach
3590 1535 230 96 dem

776 1637 791 100 Schlüsselloch.
1618 1645 200 97 Für
1876 1648 247 121 sich)
2181 1648 204 97 Der
2413 1650 381 122 Simpel
2848 1656 221 96 hett
3122 1658 126 96 de
3302 1659 517 100 Schlüssel

776 1771 183 88 mit
1022 1772 175 89 nin
1267 1775 564 114 genumme!

1025 1921 480 99 Madame
1583 1930 496 102 Schmidt:
2162 1940 338 98 Miner
2583 1948 342 96 erscht
3012 1953 505 99 Gedanke
3600 1961 212 96 isch

771 2055 249 111 gsin,
1082 2060 193 87 wie
1336 2057 159 96 ich
1558 2058 228 97 dich
1849 2064 126 96 do
2040 2069 439 98 erblickt
2541 2075 225 111 hab,
2833 2077 153 96 dir
3050 2082 571 99 ordentlich
3691 2090 125 95 de

782 2175 408 102 Marsch
1278 2222 112 56 ze
1479 2186 316 114 blose,
1886 2201 196 89 wie
2174 2199 162 92 ich
2428 2200 229 97 dich
2749 2243 275 59 awer
3111 2208 130 96 do
3336 2213 474 98 betracht

770 2304 229 113 hab,
1095 2318 194 88 wie
1381 2312 133 96 dü
1606 2317 125 96 do
1823 2326 204 89 min
2123 2323 225 97 Bild
2444 2331 696 101 verschmutzt
3235 2338 338 113 hesch,
3678 2344 128 97 do

768 2429 400 102 hawich
1243 2440 438 117 g'sehne,
1760 2443 237 100 dass
2076 2452 122 92 dü
2281 2455 266 91 mich
2622 2461 263 91 noch
2960 2482 246 96 gern
3285 2467 313 94 hesch
3677 2506 133 59 un

772 2558 175 97 alli
1033 2566 572 106 „rancune“
1688 2571 217 96 isch
1988 2598 484 97 vergesse
2563 2581 276 116 g'sin.
2992 2587 192 112 Ah,
3309 2626 213 63 was
3643 2595 166 96 ich

768 2683 325 122 fröuje
1167 2689 191 97 hab
1433 2695 325 114 welle,
1829 2760 129 12 —
2025 2704 392 121 richtig,
2496 2746 208 60 was
2783 2715 475 97 machsch
3333 2721 267 94 denn
3675 2723 129 93 dü

762 2812 134 97 do
962 2822 99 87 in
1125 2818 979 124 dere-n-Apothek?

1016 2972 425 121 Ropfer:
1498 2983 193 113 Ah,
1752 2989 159 96 ich
1966 2990 225 117 hab,
2249 2983 162 112 ich
2466 3000 174 97 bin
2703 3086 212 15 ...
2969 3012 159 95 ich
3186 3018 200 95 mol
3445 3019 129 96 do
3632 3019 166 100 bie

756 3104 238 88 mim
1056 3102 367 117 Unkel,
1490 3150 54 57 e
1606 3150 185 59 zue
1865 3156 50 58 e
1985 3119 642 106 charmanter
2694 3135 342 110 Mann,
3106 3178 55 59 e
3222 3142 308 97 Frind
3594 3186 207 58 vun

764 3225 146 92 d'r
972 3226 487 106 Kunscht.
1526 3237 151 97 De
1743 3247 475 116 gröschte
2281 3249 216 101 Teil
2560 3293 233 59 vum
2860 3261 254 97 Johr
3172 3267 175 96 bin
3410 3272 159 96 ich
3635 3274 158 113 do,

755 3357 250 109 jetzt
1072 3355 175 98 bin
1317 3362 162 95 ich
1547 3404 287 59 zuem
1905 3372 492 123 Exempel
2472 3380 157 113 do,
2705 3402 134 75 un
2914 3387 357 101 dorum
3342 3397 213 96 isch
3626 3402 171 93 din

754 3475 234 101 Bild
1058 3518 125 62 au
1254 3486 160 96 do.
1483 3553 125 10 —
1679 3496 234 117 (Für
1983 3506 251 113 sich)
2313 3508 429 108 „Quelle
2813 3525 534 92 aventure!
3434 3522 362 108 Quelle

762 3611 601 96 aventure!“

1007 3763 480 108 Madame
1548 3771 493 103 Schmidt:
2103 3782 170 97 Ich
2328 3787 359 98 kann's
2752 3794 143 96 als
2958 3799 261 96 noch
3278 3809 146 88 nit
3486 3802 304 101 fasse.

756 3887 84 96 O
894 3892 129 92 dü
1073 3902 203 88 min
1323 3898 354 99 liewer
1727 3905 492 102 Antoine!
2282 3913 491 120 (Umarmt
2827 3923 416 118 Ropfer,
3298 3930 179 96 der
3539 3933 251 99 alles

751 4025 179 88 mit
1010 4023 212 96 sich
1297 4029 575 116 geschehen
1951 4035 280 101 lässt.
2314 4041 129 96 Er
2526 4047 268 96 steht
2876 4090 142 72 so,
3106 4055 233 95 dass
3422 4097 109 55 er
3610 4069 179 88 mit

755 4146 225 97 dem
1067 4148 251 101 Fuss
1410 4158 162 96 die
1667 4159 263 97 Türe
2025 4165 181 96 der
2301 4170 912 122 Telephonkabine
3309 4185 479 97 zuhalten

746 4271 347 126 kann.)
1171 4281 163 113 So,
1404 4283 484 118 Antoine,
1967 4327 129 62 un
2163 4303 245 109 jetzt
2475 4302 300 96 welle
2846 4307 179 92 m'r
3105 4345 53 59 e
3230 4309 312 97 bissel
3617 4336 167 96 ge-

749 4405 554 98 muethlich
1378 4449 381 60 zamme
1833 4427 283 88 sitze.
2191 4425 275 112 (Will
2533 4430 166 92 ihn
2774 4468 200 60 von
3049 4439 380 92 seinem
3500 4440 283 100 Platz

741 4529 646 125 fortziehen.)

1001 4685 422 122 Ropfer:
1490 4696 246 113 „Oh,
1798 4702 292 109 non“,
2152 4704 234 97 loss.
2453 4709 162 96 Ich
2678 4710 191 100 bitt
2932 4716 254 114 dich,
3247 4721 206 97 loss
3518 4727 264 93 mich

740 4812 141 96 do
956 4851 120 59 an
1147 4819 225 97 dem
1439 4824 412 114 Plätzel,
1931 4831 125 93 do
2126 4833 226 96 steh
2422 4838 159 92 ich
2652 4877 154 58 am
2878 4840 528 120 liebschte,
3481 4889 300 59 wenn

742 4942 198 105 ich
991 4942 292 78 mich
1347 4942 537 109 unterhalt.

999 5097 476 102 Madame
1559 5105 457 101 Schmidt
2109 5117 536 122 (zärtlich):
2738 5124 332 99 Wenn
3158 5131 246 99 ich's
3500 5172 275 60 awer

741 5221 204 96 han
995 5227 234 109 will,
1283 5232 233 96 dass
1574 5234 125 96 dü
1762 5247 179 88 züe
1999 5249 184 87 mir
2241 5250 409 93 sitzsch!
2708 5314 129 10 —
2887 5253 133 97 Ze
3079 5258 336 94 kumm
3479 5264 291 94 doch.

748 5346 210 121 (Sie
1019 5356 267 96 zieht
1345 5358 167 96 ihn
1578 5400 116 55 zu
1761 5364 208 96 sich
2036 5370 167 91 auf
2262 5371 195 96 den
2516 5376 399 123 Divan.)
