1 1
1925 316 161 141 —
2198 291 177 174 82
2479 324 136 116 —

958 508 525 142 Madame
1541 554 454 96 Schmidt
2058 520 754 155 (desgleichen):
2883 558 229 92 Alle
3175 558 300 117 hopp,
3533 558 225 117 hytt

762 679 296 96 noch!

950 804 433 137 Marie:
1450 808 137 96 Zu
1650 808 395 108 dienen,
2108 820 192 109 gnä
2354 808 296 96 Frau!

1008 958 304 96 Jean:
1370 962 763 113 Aufzuwarten,
2196 975 187 108 gnä
2441 966 296 96 Frau!
2808 966 296 113 (Jean
3171 966 200 100 und
3425 970 329 96 Marie

762 1087 425 96 machen
1270 1096 225 87 eine
1575 1104 416 83 erneute
2075 1091 741 121 Anstrengung.
2958 1096 192 95 Die
3233 1096 525 108 Schränke

758 1212 412 96 werden
1216 1212 634 125 gleichzeitig
1895 1221 680 116 weggerückt,
2629 1258 108 58 so
2791 1225 234 91 dass
3071 1225 300 96 beide
3421 1225 337 96 Türen

758 1341 192 96 frei
995 1341 446 96 werden.
1495 1346 471 95 Madame
2025 1346 450 100 Schmidt
2525 1350 196 91 und
2775 1350 458 96 Susanne
3283 1354 475 92 kommen

762 1504 204 62 von
1037 1471 367 108 rechts,
1479 1471 471 104 Madame
2025 1475 383 116 Ropfer
2483 1475 567 96 von links,
3129 1479 312 96 Beide
3516 1479 238 96 Par-

766 1600 275 91 teien
1112 1596 221 95 sind
1408 1600 458 96 sichtlich
1937 1600 667 121 überrascht
2535 1592 116 132 .)

1012 1750 367 96 Marie:
1445 1754 142 92 Zu
1654 1754 400 133 dienen!

1008 1904 300 96 Jean:
1358 1908 767 96 Aufzuwarten!
2187 1912 359 113 (Marie
2596 1912 204 96 und
2850 1912 258 96 Jean
3162 1925 292 83 unter
3500 1916 254 92 Ver-

758 2033 462 121 beugung
1287 2033 196 121 ab.)

1008 2187 475 96 Madame
1537 2187 492 96 Schmidt:
2095 2192 242 112 „Oh,
2408 2196 413 116 pardon,
2887 2196 559 96 madame!"

1008 2337 479 100 Madame
1579 2342 416 120 Ropfer:
2162 2346 488 112 „Pardon,
2706 2333 710 139 mesdames!“
3579 2350 171 96 Sie

766 2467 575 95 exküsiere!

1008 2617 475 100 Madame
1554 2621 491 96 Schmidt:
2120 2700 51 37 „
2183 2625 392 96 Tiens."
2646 2629 329 96 Wenn
3046 2633 162 92 ich
3275 2633 262 92 mich
3604 2637 150 88 nit

766 2754 509 113 trumpier,
1391 2787 117 55 ze
1595 2750 334 96 kenne
2020 2754 463 96 m'r uns
2566 2754 313 96 schun
2991 2754 413 121 flüchtig
3521 2796 233 54 vum

762 2879 346 113 vorige
1175 2875 279 96 Johr.

1008 3021 475 100 Madame
1558 3029 421 121 Ropfer:
2075 3033 421 113 Gewiss,
2583 3038 500 108 Madame,
3171 3038 179 95 m'r
3437 3046 150 87 sin
3675 3038 75 95 ‘s

762 3158 283 113 vorig
1129 3154 250 96 Johr
1462 3163 250 87 zwei
1787 3158 221 96 Daa
2087 3158 267 96 druff
2433 3163 538 120 abgereist,
3058 3171 192 87 wie
3341 3171 146 92 sie
3575 3192 171 71 an-

762 3275 396 100 kumme
1220 3288 250 112 sinn.

1008 3429 475 100 Madame
1545 3433 488 96 Schmidt:
2100 3438 133 95 Es
2296 3438 262 95 fraid
2612 3446 238 87 eine
2912 3454 350 84 immer
3329 3446 417 121 widder,

758 3554 487 100 bekannti
1329 3558 500 96 G'sichter
1904 3571 116 87 ze
2091 3563 330 95 treffe.
2491 3567 455 96 Verlicht
3016 3567 196 96 han
3287 3567 179 96 m'r
3541 3571 209 96 diss

762 3683 250 96 Johr
1083 3683 567 121 Gelejeheit
1725 3688 187 108 „de
1983 3688 254 95 faire
2304 3692 225 116 plus
2604 3692 604 116 amplement
3287 3704 454 88 connais-

758 3808 400 96 sance"
1095 3804 104 124 .
1241 3808 167 100 Sie
1487 3813 196 95 han
1762 3813 258 95 doch
2104 3813 192 95 Ihri
2375 3817 446 96 Dochter
2904 3858 125 55 au
3108 3821 388 96 widder
3579 3825 167 92 bie

754 3933 279 96 sich
958 3929 40 119 ?

1004 4088 471 100 Madame
1533 4092 412 121 Ropfer:
2012 4096 83 96 O
2158 4104 117 109 ja,
2337 4104 146 92 sie
2546 4100 266 96 kann
2875 4104 446 109 „même"
3383 4104 358 117 alle-n-

754 4213 562 100 Auesblick
1383 4221 425 96 kumme.

1000 4367 475 96 Madame
1545 4371 488 96 Schmidt:
2116 4379 155 92 Do
2346 4379 170 92 bin
2591 4375 163 100 ich
2829 4417 271 58 awer
3171 4379 254 113 froh,
3508 4384 233 95 dass

754 4496 237 92 mini
1037 4492 450 100 Dochter
1541 4500 650 96 G'sellschaft
2241 4500 230 109 find,
2533 4500 450 100 obschun
3033 4513 146 91 sie
3233 4509 204 95 diss
3491 4509 250 95 Johr

758 4621 146 92 nit
979 4638 175 100 gar
1233 4654 112 63 so
1420 4629 617 92 vereinsamt
2146 4629 241 109 isch,
2504 4629 271 96 ihrer
2850 4629 596 100 Hochzitter
3525 4634 216 100 isch

758 4742 158 112 do,
991 4779 129 59 un
1195 4754 317 88 miner
1587 4784 154 79 au,
1825 4754 158 92 ich
2062 4754 175 96 bin
2308 4754 433 96 nämlich
2821 4763 129 87 im
3029 4759 375 120 Begriff
3479 4763 262 96 mich

754 4867 383 96 widder
1250 4909 116 58 ze
1483 4875 675 113 verhierothe,
2275 4871 316 109 miner
2708 4884 338 96 erscht
3125 4888 316 96 Mann
3525 4888 212 96 isch

758 4992 496 117 g'storwe.

1004 5146 475 100 Madame
1554 5142 416 129 Ropfer:
2066 5159 163 112 So,
2321 5159 204 100 diss
2612 5159 213 100 isch
2912 5200 271 63 awer
3266 5180 250 104 nett,
3604 5167 129 96 do

758 5271 271 96 kann
1108 5275 175 92 m'r
1366 5280 238 95 Ihne
1675 5288 100 108 jo
1858 5280 442 100 herzlich
2383 5288 571 117 gratüliere,
3041 5325 134 63 un
3254 5292 237 96 Ihne
3579 5325 154 84 au,
