1 1
1634 230 766 91 - 59 -

771 442 384 123 Ropfer
1225 451 446 114 (wütend
1737 451 796 120 aufspringend):
2604 456 76 95 E
2746 454 283 115 Kart,
3097 467 192 88 wie
3358 461 159 96 ich

466 608 241 58 vor
782 581 253 88 zwei
1116 575 250 97 Johr
1448 576 630 120 g’schriwwe
2146 580 236 113 hab!
2491 643 129 13 —
2723 583 351 98 Denne
3157 589 363 94 elende

522 697 687 121 Schampetiss
1277 702 290 120 bring
1639 704 158 96 ich
1872 707 258 95 noch
2211 711 195 92 um!
2480 708 167 93 Ich
2719 711 170 93 bin
2961 711 270 97 fütti!
3314 715 200 94 Ka-

516 829 342 114 pores!

765 977 379 112 Jules:
1147 996 147 94 De
1352 999 359 95 Mueth
1764 1008 142 85 nit
1964 1001 288 95 sinke
2307 1003 195 110 lon,
2561 1020 547 107 „patron“!

766 1162 418 118 Ropfer:
1241 1165 159 96 Ihr
1455 1167 195 96 han
1708 1184 237 103 guet
1996 1171 350 97 redde!
2408 1173 147 94 De
2612 1172 355 99 Mueth
3020 1182 143 89 nit
3221 1181 292 98 sinke

515 1289 205 96 lon!
783 1292 240 96 Was
1082 1294 463 95 mache?!
1608 1295 328 99 Wenn
1991 1304 233 88 mini
2282 1302 261 92 Frau
2603 1302 379 95 kummt
3044 1305 200 95 und
3303 1302 212 98 find

514 1451 111 59 so
693 1415 1029 124 e-n-Inquartierung!

765 1584 325 94 Jules:
1244 1586 525 114 „Patron“,
1865 1592 89 93 d'
2040 1591 359 97 Flucht
2490 1606 210 84 wär
2791 1596 71 96 's
2958 1599 557 119 einzigscht

509 1710 338 100 Mittel
910 1717 983 96 minere-n-Ansicht
1947 1721 359 93 nooch

758 1879 421 122 Ropfer:
1240 1882 338 112 „C'est
1637 1887 207 116 ça“,
1900 1888 350 96 flichte
2304 1890 218 97 m'r!
2579 1889 367 100 Mache
3008 1895 175 93 m'r
3249 1896 259 95 emol

511 2044 183 58 vor
768 2010 296 94 allem
1139 2013 89 92 d'
1306 2011 725 99 Rolläde-n-an
2106 2013 147 99 d'r
2327 2015 487 118 Apothek
2894 2055 170 60 era
3139 2022 200 95 und
3414 2021 93 96 d’

504 2135 492 117 Apothek
1067 2172 216 76 zue,
1359 2174 132 59 un
1562 2177 129 58 no
1766 2141 181 111 los,
2025 2150 171 87 nix
2272 2153 191 84 wie
2539 2146 191 94 los!
2808 2145 422 97 Kumme
3304 2148 197 110 Sie,

511 2262 268 95 helfe
850 2264 195 106 Sie,
1115 2267 159 92 for
1340 2266 234 96 dass
1650 2265 70 96 ‘s
1790 2267 501 97 schneller
2360 2271 264 115 geht.

755 2429 325 95 Jules:
1143 2434 283 108 „Oui,
1488 2434 458 117 patron“.
2009 2436 346 117 (Beide
2418 2475 196 60 von
2672 2440 262 96 links
3001 2441 192 122 ab.)

757 2600 459 96 Susanne
1302 2603 197 117 (die
1577 2602 509 100 Mitteltür
2166 2606 441 100 öffnend.
2720 2608 271 97 Zwei
3073 2612 439 95 Männer

507 2726 419 120 bringen
994 2737 295 86 einen
1355 2753 417 96 grossen
1831 2730 355 97 Koffer
2251 2735 414 113 herein.)
2739 2733 162 110 So,
2972 2738 292 96 stelle
3331 2740 171 95 Sie

504 2851 325 95 denne
908 2850 355 97 Kuffer
1346 2856 492 120 vorläufig
1917 2856 125 97 do
2124 2892 289 62 anne.
2499 2859 239 116 (Der
2816 2861 351 96 Koffer
3246 2867 258 94 wird

502 2976 346 94 hinten
915 2975 338 97 rechts
1323 2978 179 94 der
1570 2980 261 95 Türe
1898 2984 471 119 gestellt.)
2449 2984 153 97 Un
2666 2994 311 88 merci
3044 3024 154 60 au.
3273 2989 222 117 (Die

498 3099 370 96 beiden
922 3102 429 96 Männer
1405 3117 337 84 treten
1793 3111 379 93 wieder
2231 3113 312 92 durch
2597 3114 159 94 die
2814 3113 304 97 Mitte
3172 3118 196 118 ab.)

752 3267 381 119 Ropfer
1241 3273 412 113 (kommt
1753 3284 175 85 mit
2037 3278 283 94 Jules
2424 3316 195 56 von
2720 3279 263 96 links
3087 3282 411 114 zurück,

498 3395 299 95 beide
906 3400 220 92 sind
1236 3400 695 118 unangenehm
2036 3404 595 98 überrascht
2707 3408 265 93 beim
3052 3407 445 101 Anblick

499 3518 585 123 Susannes):
1163 3522 468 122 Sapristi!

747 3688 285 98 Jules
1090 3692 192 117 (für
1335 3696 284 118 sich):
1681 3695 130 97 Ze
1869 3701 335 113 spoot!

746 3859 492 93 Susanne:
1306 3861 153 93 Do
1525 3866 209 91 isch
1796 3863 142 93 d'r
2001 3861 346 99 Kuffer
2417 3868 341 93 schun.

744 4024 474 134 Madame
1293 4025 451 96 Schmidt
1827 4034 130 92 (in
2039 4054 397 96 grosser
2510 4033 588 120 Aufregung
3174 4037 312 93 durch

497 4152 158 92 die
708 4146 376 120 Mitte):
1151 4152 283 108 „Mes
1488 4161 271 101 amis,
1822 4193 208 56 mes
2088 4159 288 93 chers
2430 4158 350 131 amis!”
2834 4163 125 93 Es
3017 4162 476 116 g'schehn

491 4277 258 93 doch
820 4278 258 94 noch
1145 4279 666 96 Zeiche-n-un
1875 4281 487 97 Wunder!

738 4442 413 119 Ropfer,
1201 4444 284 97 Jules
1544 4450 194 91 und
1793 4447 492 96 Susanne:
2344 4453 237 93 Was
2634 4455 209 91 isch
2897 4440 581 132 g'schehn?!

737 4611 475 96 Madame
1303 4611 480 97 Schmidt:
1886 4616 776 118 Mache-n-Ejch
2758 4617 138 95 uff
2991 4657 50 58 e
3132 4628 346 110 grossi,

490 4746 315 106 grossi
880 4748 566 123 „surprise“
1518 4740 381 119 g'fasst!

737 4905 380 118 Ropfer
1175 4906 192 120 (für
1424 4910 283 118 sich):
1767 4908 150 98 Do
1975 4911 213 115 krej
2242 4918 25 88 i
2324 4916 309 92 schun
2692 4949 50 59 e
2800 4913 547 98 Schrecke!

719 5087 487 96 Madame
1286 5086 487 99 Schmidt:
1856 5093 355 95 Denke
2272 5130 446 74 numme,
2806 5097 155 93 ich
3044 5099 191 93 hab
3323 5063 180 129 'ne

485 5215 383 97 widder
937 5215 433 145 g'funde.
