1 1
1758 404 125 8 -
2041 345 392 100 17-

870 558 392 96 Albert:
1329 558 316 108 Guet,
1675 591 112 63 ze
1841 558 292 92 welle
2187 558 175 92 m'r
2416 595 180 55 uns
2658 558 254 92 doch
2962 566 604 109 wenigstens

625 687 633 117 verspreche,
1333 691 175 88 mit
1583 683 437 92 ehrliche
2091 683 330 92 Waffe
2496 716 112 59 ze
2683 683 429 112 kämpfe,
3196 716 287 54 wenn'
3496 679 70 91 s

629 812 141 92 d'r
837 845 125 59 au
1025 812 383 92 schwer
1475 808 250 92 fallt.

866 975 317 91 Jules:
1325 970 670 121 Ingepatscht!
2087 970 200 117 (Sie
2366 970 467 113 schlagen
2916 970 188 113 ein)
3187 966 159 92 Un
3421 1000 137 75 so,

625 1108 237 112 jetzt
933 1100 204 91 will
1216 1100 159 91 ich
1450 1100 258 116 glich
1783 1133 125 58 an
1987 1095 479 92 d'Arweit
2554 1095 279 113 gehn.
2925 1091 391 113 (Nimmt
3404 1091 162 92 die

625 1225 562 108 Postkarte,
1279 1225 158 91 die
1529 1258 104 54 er
1720 1220 363 92 vorher
2175 1220 671 113 geschrieben,
2975 1216 196 88 und
3262 1220 304 109 giesst

625 1350 291 91 Tinte
991 1345 463 117 darüber)
1537 1345 371 109 „Voilà,
2000 1379 112 79 ça
2187 1379 59 79 y
2329 1354 251 83 est“.

866 1512 392 92 Albert:
1316 1512 171 92 D'r
1545 1508 467 104 Gücksel,
2079 1541 204 59 was
2341 1504 463 96 machsch
2862 1504 259 92 denn
3179 1500 125 91 dü
3366 1500 192 91 do?

620 1700 121 12 —
812 1641 238 92 Was
1120 1637 209 92 isch
1400 1641 241 113 jetzt
1716 1637 200 92 diss
1991 1633 155 92 for
2221 1671 54 54 e
2346 1637 270 104 nejer
2691 1629 367 92 Mode?

866 1804 317 92 Jules:
1245 1804 225 92 Diss
1529 1800 212 96 isch
1795 1804 196 87 min
2054 1796 621 95 G'heimniss.
2741 1791 225 96 Diss
3025 1791 308 92 heisst
3387 1787 179 96 m'r

620 1929 400 96 Taktik.

862 2091 396 92 Albert:
1341 2087 479 92 Taktik?!
1912 2146 113 12 —
2100 2083 191 92 For
2371 2083 258 92 mich
2712 2079 292 96 isch's
3091 2116 50 55 e
3221 2079 337 92 Tinte-

616 2216 354 92 flecke.

858 2379 321 92 Jules:
1229 2375 221 96 Diss
1500 2383 179 108 gitt
1733 2379 192 87 eini
1970 2408 201 58 vun
2221 2366 933 100 minne-n-ehrliche
3204 2366 354 96 Waffe.

862 2541 392 92 Albert:
1325 2541 195 92 Zue
1583 2537 512 96 verruckt!

858 2704 675 117 Schampetiss
1616 2708 234 108 (von
1920 2704 334 112 links):
2341 2700 638 112 „Excusez!“
2937 2700 309 91 Isch
3325 2700 233 87 mini

612 2829 204 108 Alt,
900 2829 508 108 d'Ammej,
1487 2829 258 92 noch
1820 2833 142 83 nit
2037 2825 192 91 do?

858 2992 321 91 Jules:
1266 2992 184 95 Mir
1520 2992 196 91 han
1791 3025 104 58 se
1970 2996 146 83 nit
2191 2987 363 117 g'sehn.

858 3158 675 113 Schampetiss
1616 3158 292 113 (reibt
1987 3154 209 92 sich
2275 3154 158 92 die
2516 3150 421 112 Hände):
3087 3146 463 116 Sapristi!

608 3287 183 92 Die
862 3287 279 88 wurd
1216 3292 142 83 sie
1429 3283 266 92 fasse
1770 3317 196 54 vun
2041 3279 142 92 d'r
2258 3275 438 96 Madam!
2833 3275 188 92 Die
3091 3271 284 96 wurd
3446 3304 108 58 se

608 3408 304 92 fasse!

854 3571 396 91 Albert:
1316 3567 588 112 „General“,
1970 3567 155 91 Ihr
2196 3562 400 96 schiene
2658 3571 146 83 nit
2871 3567 204 112 arig
3091 3554 463 129 zärtlich

608 3733 112 54 ze
795 3704 150 83 sin
1008 3704 175 83 mit
1254 3696 271 112 Ejrer
1591 3692 284 91 Frau.

850 3854 716 117 Schampetiss:
1641 3854 196 104 Ich,
1916 3850 409 96 zärtlich
2400 3854 175 88 mit
2654 3842 887 95 minere-n-Alte?!

608 3983 271 96 Jetzt
937 3979 250 117 gehn
1245 3979 171 92 m'r
1479 3979 312 113 eweg!
1854 3971 671 100 Wärte-n-Ihr
2587 3971 250 91 ebbe
2904 3967 412 91 zärtlich
3375 3971 175 87 mit

608 4142 196 75 ere,
875 4142 291 58 wenn
1229 4104 158 92 Ihr
1458 4137 104 59 so
1637 4104 192 88 eini
1900 4096 387 96 hätte?!
2358 4154 125 13 —
2546 4092 679 112 Uewerhaupt
3296 4087 254 117 gehn

604 4229 175 92 m'r
845 4250 275 96 eweg
1179 4233 175 88 mit
1425 4225 120 92 de
1608 4221 563 116 Wiebslytt,
2241 4254 105 58 es
2408 4217 283 91 wurd
2754 4250 112 58 ze
2933 4212 196 92 viel
3191 4212 355 96 Weses

604 4383 200 63 vun
870 4350 150 96 'ne
1091 4350 484 117 gemacht.

850 4513 283 91 Jules
1204 4508 654 121 (scherzend):
1937 4508 217 92 Von
2225 4542 179 58 uns
2471 4508 175 100 nit,
2716 4500 705 117 Schampetiss.

845 4675 717 117 Schampetiss:
1766 4675 292 92 „Allez
2146 4667 354 100 donc!“
2579 4667 362 96 Mache
3021 4650 175 108 m'r
3279 4663 267 91 kenn

604 4804 262 92 Sätz.
916 4800 225 96 Vun
1195 4833 205 59 was
1454 4800 191 92 han
1704 4800 158 92 Ihr
1916 4804 250 84 zwei
2221 4829 212 59 ewe
2487 4788 559 95 mitnander
3104 4783 452 125 geredd?

600 4925 187 96 Ich
833 4933 271 96 wett,
1170 4958 200 59 vun
1433 4921 121 96 de
1620 4917 571 116 Wiebslyt.

845 5088 396 95 Albert:
1316 5054 221 129 Wie
1612 5079 717 100 kumme-n-Ihr
2400 5075 137 96 uff
2608 5075 158 96 die
2846 5071 258 108 Idee,
3187 5079 354 109 „géné-

595 5217 288 116 ral“?
