1 1
1826 298 151 134 —
2081 298 177 121 78
2383 366 138 13 —

641 529 134 96 do
833 537 146 88 üs.
1050 529 208 116 (Sie
1320 529 417 121 ergreift
1800 533 195 96 den
2054 537 646 96 Handkoffer
2762 541 200 96 und
3025 545 441 96 erblickt
3529 554 162 91 ein

641 658 904 121 Kleidungsstück,
1625 662 183 96 das
1883 662 758 125 heraushängt.)
2729 670 146 113 Ei,
2958 675 129 91 du
3166 675 521 95 barmher-

645 795 275 113 ziger
963 787 537 138 Himmel!
1533 791 155 96 Un
1758 829 112 58 so
1937 795 313 96 hesch
2316 800 134 91 dü
2521 800 208 95 dini
2791 804 242 96 Reis
3104 808 583 112 gemacht?!

637 979 133 8 —
816 916 234 100 Diss
1104 920 191 96 soll
1350 920 179 96 m'r
1583 929 246 112 jetzt
1879 929 175 87 nix
2112 933 179 87 sin.
2358 925 204 116 (Sie
2625 929 316 96 öffnet
3000 933 196 92 den
3254 933 429 125 Koffer.}

895 1120 430 117 Ropfer:
1404 1125 141 104 Ei,
1625 1125 258 91 liebs
1962 1125 521 112 Wiewele,
2571 1166 295 59 wenn
2950 1133 158 96 ich
3187 1133 154 96 dir
3421 1137 266 96 doch

641 1283 209 75 saa,
916 1250 238 91 dass
1225 1250 70 95 's
1366 1287 109 58 so
1545 1262 496 108 pressiert
2108 1258 246 92 hett.

895 1416 480 96 Madame
1433 1420 383 117 Ropfer
1887 1425 300 116 {beim
2246 1429 445 96 Anblick
2758 1433 179 125 der
3000 1433 496 121 Kleider):
3566 1437 117 92 Ei

637 1545 138 96 dü
850 1570 404 96 grosser
1329 1550 479 95 Alledaa!
1891 1554 284 108 Nein,
2258 1591 113 63 so
2450 1562 208 104 ebs,
2737 1570 196 88 wie
3012 1562 167 96 die
3258 1562 421 100 Kleider

641 1679 504 112 verpackt
1212 1683 188 92 sin!
1479 1679 204 116 (Sie
1754 1691 350 88 nimmt
2175 1700 337 79 zuerst
2583 1695 163 88 ein
2804 1691 871 121 Kleidungsstück

633 1804 371 96 heraus
1066 1808 204 96 und
1329 1808 308 121 hängt
1700 1850 104 58 es
1866 1820 100 88 in
2029 1816 196 92 den
2283 1816 388 96 Kasten
2733 1816 400 100 rechts.
3175 1820 166 96 Sie
3404 1862 271 58 muss

637 1937 283 92 stark
983 1941 425 113 niesen.)

887 2104 421 121 Ropfer:
1425 2108 629 113 G'sundheit,
2137 2116 529 96 Wiewele.
2816 2121 555 116 (Während
3450 2121 221 95 Ma-

633 2233 296 96 dame
995 2237 388 121 Ropfer
1466 2241 179 96 das
1720 2241 867 121 Kleidungsstück
2696 2258 95 83 in
2904 2250 196 91 den
3208 2250 463 96 Schrank

625 2362 341 121 hängt,
1041 2366 300 113 wirft
1383 2366 387 121 Ropfer
1845 2375 292 116 eifrig
2216 2383 225 88 eine
2512 2375 400 96 Anzahl
2979 2379 192 133 der
3241 2379 430 121 übrigen

625 2491 1204 125 Kleidungsstücke,
1619 2487 236 141 die
1904 2504 212 92 sich
2191 2504 263 96 noch
2529 2512 125 88 im
2725 2508 375 96 Koffer
3154 2508 508 113 befinden,

625 2658 187 58 vor
875 2625 195 91 den
1133 2625 462 96 Schrank
1654 2629 333 117 links.)

879 2808 483 100 Madame
1425 2812 387 121 Ropfer
1916 2821 334 112 (dreht
2354 2821 208 95 sich
2666 2858 150 58 um
2925 2829 196 92 und
3225 2829 441 96 erblickt

620 2937 392 121 Ropfer
1066 2946 100 87 in
1216 2950 338 87 seiner
1608 2946 592 120 Tätigkeit):
2262 2950 317 96 Awer
2637 2954 488 96 Antoine!
3187 2958 75 108 E
3316 2991 113 59 so
3483 2962 179 92 mit

625 3066 125 96 de
833 3066 417 100 Kleider
1325 3075 600 116 umzugehn!

875 3254 420 121 Ropfer:
1454 3266 250 121 Hytt
1791 3308 113 58 ze
1987 3275 271 96 Daas
2346 3316 337 59 muess
2771 3283 250 96 alles
3108 3287 554 121 g'schwind

616 3387 300 113 gehn!

875 3554 479 100 Madame
1412 3562 421 121 Ropfer:
1891 3571 196 95 For
2146 3575 162 91 die
2371 3579 337 108 Geise,
2771 3591 195 88 wie
3025 3583 129 96 dü
3216 3591 259 92 noch
3541 3629 113 54 ze

620 3683 425 96 scheere
1100 3691 337 109 hesch,
1495 3696 367 95 wurd's
1916 3708 146 88 nit
2116 3737 109 63 so
2283 3716 542 105 pressiere.
2883 3712 358 117 (Packt
3296 3729 362 87 weiter

620 3816 250 113 aus.)
954 3816 312 96 Awer
1345 3821 146 91 d'r
1566 3825 492 100 Gücksel!
2141 3833 734 121 D'Redingote!
2966 3841 67 96 's
3116 3846 534 116 Jaquettel

616 3937 121 92 D’
820 3946 517 96 schwarze
1416 3950 363 100 Hosse!
1920 4021 130 8 —
2183 3962 279 96 Jetzt
2537 3966 259 121 fröuj
2875 3975 158 92 ich
3112 3975 234 96 dich
3425 3983 229 88 eine

616 4067 525 116 Mensche,
1225 4112 350 63 wozue
1658 4083 129 96 dü
1875 4087 162 96 die
2120 4092 267 95 viele
2479 4096 408 96 Kleider
2966 4100 684 129 mitgebrocht

612 4192 425 104 hesch?!
1112 4262 125 13 —

870 4367 421 120 Ropfer:
1379 4379 304 96 Zuem
1770 4383 751 104 schanschiere.
2608 4396 192 96 M'r
2883 4408 300 88 weiss
3271 4408 175 104 nit,
3537 4442 109 58 es

612 4492 325 100 könnt
1025 4537 50 59 e
1158 4504 1088 125 Witterungswechsel
2329 4529 221 108 gän.
2662 4583 129 13 —
2912 4529 542 113 (Versucht
3537 4571 109 58 es

612 4629 179 88 mit
866 4625 179 96 der
1116 4629 734 129 Zärtlichkeit.)
1929 4642 158 116 Un
2162 4646 313 112 d'rno,
2550 4650 258 96 liebs
2879 4654 529 121 Wiewele,
3483 4662 163 96 ich

612 4746 196 100 hab
887 4754 471 117 gedenkt,
1437 4762 233 96 dass
1741 4775 204 87 min
2016 4771 230 112 lieb,
2325 4787 237 109 guet
2637 4779 496 104 Wiewele
3208 4792 438 95 verlicht

612 4875 200 100 han
875 4883 233 113 will,
1183 4887 237 100 dass
1495 4892 159 95 ich
1729 4933 50 59 e
1858 4900 217 96 Daa
2150 4904 246 96 oder
2471 4921 250 83 zwei
2791 4912 167 96 bie
3033 4954 171 58 ere
3279 4917 233 100 blie.

854 5079 479 100 Madame
1383 5087 421 121 Ropfer:
1854 5100 292 96 Redd
2196 5112 150 88 nit
2396 5142 108 62 so
2558 5112 488 121 einfältig.
3104 5117 233 116 (Für
3383 5125 254 117 sich)

612 5200 246 96 Was
916 5204 221 100 hett
1200 5212 75 92 'r
1337 5217 267 95 denn
1662 5258 429 84 numme,
2158 5237 96 88 in
2321 5237 183 92 zeh
2571 5237 250 100 Johr
2883 5246 221 96 hett
3175 5250 71 92 'r
3312 5258 146 88 nit
3525 5287 116 59 so

608 5337 183 88 mit
862 5333 179 96 m'r
1112 5342 467 116 geredt?!
1654 5412 125 13 —
