1 1
1981 197 725 149 - 26 -

1101 387 408 143 Albert:
1588 440 163 109 So,
1829 445 205 94 diss
2108 421 293 124 fraid
2442 451 293 97 mich.

1095 602 329 119 Jules:
1495 606 463 125 Sapristi,
2028 614 126 96 do
2228 624 155 88 sin
2445 625 92 112 jo
2608 659 125 59 au
2795 625 263 96 noch
3128 626 164 97 die
3358 641 254 84 zwei
3678 634 200 96 Re-

840 744 355 104 zepter
1248 734 155 95 for
1462 776 54 54 e
1569 740 204 92 Bür
1827 779 117 59 ze
2002 745 384 109 mache,
2444 755 193 88 wie
2691 760 182 85 mit
2933 753 119 97 'm
3111 757 501 106 nämliche
3670 762 208 122 Zug

843 856 205 96 furt
1118 863 205 91 will
1390 872 196 93 wie
1661 866 91 96 d'
1826 867 510 103 Madame.

1088 1028 426 122 Ropfer:
1592 1036 325 121 Bigre,
1993 1043 128 96 do
2193 1044 403 99 heisst's
2675 1059 618 113 getummelt.
3367 1060 155 97 Do
3600 1066 275 96 kann

837 1160 163 92 ich
1070 1169 146 84 nit
1292 1165 261 95 emol
1620 1174 198 89 mit
1858 1174 137 106 an
2067 1172 562 112 d'Isebahn,
2704 1218 130 59 un
2908 1187 162 92 ich
3141 1188 196 97 hab
3412 1228 125 58 au
3608 1196 266 93 noch

840 1285 205 97 diss
1116 1287 428 122 Gepäck
1612 1306 286 86 traue
1965 1298 284 97 solle.

1090 1442 407 97 Albert:
1660 1452 326 95 Wenn
2081 1455 167 97 Sie
2344 1458 475 115 erlauwe,
2978 1467 204 96 will
3277 1469 245 97 ich's
3623 1495 242 96 gern

839 1581 387 85 traaue.

1079 1753 430 124 Ropfer:
1570 1765 201 97 Zue
1833 1779 283 110 artig,
2175 1778 162 92 ich
2391 1779 196 97 hab
2645 1784 167 96 Sie
2870 1790 284 94 drum
3213 1792 258 98 bitte
3533 1801 325 100 welle.

840 1881 280 116 (Gibt
1191 1887 367 99 Albert
1633 1895 161 96 die
1866 1900 459 124 Pakete.)
2403 1907 188 97 Die
2669 1910 317 101 Dame
3061 1923 367 92 muehn
3504 1925 141 94 uff
3715 1930 150 92 d'r

832 2009 332 99 Minüt
1248 2039 413 76 erunter
1743 2024 431 99 kumme.
2331 2032 404 113 (Nimmt
2827 2040 179 97 das
3093 2042 463 127 Rezept.)
3706 2054 155 97 Do

830 2135 317 98 heisst
1239 2147 296 93 sich's
1631 2155 490 109 tummle.
2242 2157 142 117 (In
2480 2162 180 97 der
2755 2169 680 100 kommenden
3534 2179 326 97 Szene

826 2264 324 98 bleibt
1209 2270 179 94 der
1442 2272 258 98 Arzt
1755 2288 179 87 mit
1992 2284 196 93 den
2217 2286 488 99 Paketen
2766 2295 385 113 stehen,
3213 2301 388 118 Ropfer
3659 2309 203 93 und

833 2389 283 98 Jules
1190 2408 401 86 stossen
1665 2403 289 122 eifrig
2016 2414 133 88 im
2212 2410 404 99 Mörser
2690 2423 163 88 ein
2915 2420 435 119 Pulver.)

1078 2562 328 97 Jules:
1468 2568 467 118 Eijetlich
1993 2577 301 97 isch's
2353 2583 179 92 m'r
2590 2605 250 100 ganz
2903 2597 587 115 angenehm,
3561 2636 295 57 wenn

835 2685 163 97 die
1060 2690 317 98 Dame
1439 2705 146 85 nit
1648 2699 258 120 glich
1973 2704 432 99 kumme.
2469 2712 169 93 Ich
2705 2714 218 97 hätt
2988 2722 435 93 nämlich
3489 2726 371 96 vorher

834 2814 175 97 ebs
1096 2822 488 97 ernscht's
1667 2837 175 87 mit
1922 2867 125 59 ne
2129 2872 114 56 ze
2322 2837 345 114 redde,
2755 2847 524 113 „patron”.

1075 2987 404 98 Albert:
1554 2994 154 109 Ja,
1779 3008 183 85 mir
2029 3005 196 94 han
2295 3008 167 96 alli
2536 3023 250 100 zwei
2861 3020 176 92 ebs
3111 3030 213 112 arig
3387 3029 466 122 wichtigs

824 3110 266 97 uff'm
1170 3116 362 98 Herze.

1072 3269 422 119 Ropfer:
1552 3277 154 97 Do
1764 3279 170 96 bin
1985 3289 159 88 ich
2194 3294 246 109 jetzt
2494 3329 275 60 awer
2827 3295 492 120 g'spannt.
3376 3303 183 96 Als
3622 3317 226 88 erüs

822 3401 175 85 mit
1068 3395 145 96 d'r
1280 3400 491 114 Sprooch.

1055 3558 480 292 Jules und Albert
1606 3673 151 113 (zu
1844 3671 447 117 gleicher
2358 3674 312 119 Zeit):
2831 3682 410 104 „Enfin“
3332 3685 159 97 die
3582 3687 267 97 Sach

819 3860 216 92 isch
1156 3862 192 109 die,
1473 3865 157 95 ich
1752 3870 192 93 hab
2040 3906 50 58 e
2189 3883 313 108 grossi
2606 3877 638 112 „affection“,
3377 3923 50 55 e
3522 3893 321 111 grossi

818 3984 336 99 Lieb
1144 4066 202 17 ...

1070 4155 422 119 Ropfer:
1567 4161 153 112 Ja,
1796 4200 295 59 wenn
2159 4165 70 95 ‘r
2296 4170 167 92 alli
2534 4181 253 83 zwei
2853 4177 575 92 mitnander
3495 4179 343 110 redde,

816 4280 274 96 kann
1152 4287 159 92 ich
1374 4293 146 92 nit
1587 4292 512 97 verstehn.

1068 4449 288 97 Jules
1427 4460 153 112 (zu
1651 4457 443 119 Albert):
2168 4465 297 110 Guet,
2536 4504 112 56 ze
2714 4469 205 96 loss
2986 4476 257 91 mich
3314 4478 342 93 redde.

1067 4620 405 98 Albert:
1539 4626 286 112 Nein,
1892 4633 162 92 ich
2114 4632 203 92 will
2384 4637 342 94 redde.

1066 4787 329 98 Jules:
1466 4793 162 97 Ich
1696 4792 196 100 bin
1934 4797 145 96 d'r
2145 4802 504 99 Aeltscht.

1065 4953 417 122 Ropfer:
1561 4965 70 91 ‘s
1701 4966 297 93 Alter
2065 4973 233 112 geht
2365 5008 216 60 vor.

1068 5124 404 98 Albert:
1556 5131 295 111 Guet,
1935 5138 129 92 dü
2146 5138 456 96 sollsch's
2685 5139 292 101 Wort
3056 5150 224 106 han,
3364 5186 275 59 awer
3721 5163 118 100 „à

817 5248 616 141 condition“,
1491 5255 230 97 dass
1784 5262 129 92 dü
1975 5272 129 83 im
2167 5265 313 97 Name
2546 5309 199 55 von
2805 5310 183 61 uns
3051 5289 253 88 zwei
3367 5283 467 101 reddsch.
