1 1
2168 452 727 121 - 42 -

1227 675 288 98 Jules
1589 682 193 117 (für
1844 686 288 118 sich):
2204 686 403 99 D'Hoor
2677 695 288 95 stehn
3032 698 179 96 m'r
3278 738 116 59 ze
3460 705 326 96 Berri!

1224 862 476 96 Madame
1750 867 492 97 Schmidt:
2300 873 167 97 Ich
2521 879 262 94 wich
2830 888 149 87 nit
3030 919 200 59 vun
3288 888 157 109 do,
3501 890 208 98 biss
3766 897 204 94 diss

978 990 563 116 „mystère“
1623 1029 200 59 vun
1907 995 225 95 dem
2215 998 442 99 Portrait
2737 1004 545 121 uffgeklärt
3361 1019 242 93 isch.
3765 1019 205 115 (Sie

972 1113 209 118 legt
1264 1117 175 92 das
1518 1119 442 96 Portrait
2039 1126 168 91 auf
2285 1128 196 92 den
2564 1130 324 99 Tisch.
2968 1135 600 127 Abgehend)
3660 1146 308 108 „Mon

971 1238 369 107 Dieu“,
1413 1280 295 59 wenn
1796 1248 162 92 ich
2046 1271 176 95 gar
2316 1253 496 101 Nouvelle
2901 1297 200 60 vun
3191 1275 231 87 mim
3512 1270 454 100 Antoine

975 1365 400 99 erfahre
1461 1373 243 94 thät!
1790 1377 188 107 „Je
2058 1382 424 93 tremble
2565 1385 647 101 d'émotion!“
3290 1454 126 13 —
3499 1395 262 122 (Ab.)

1217 1550 288 97 Jules
1572 1554 188 116 (für
1818 1561 284 118 sich):
2172 1563 225 97 Diss
2455 1566 271 95 kann
2788 1588 234 99 guet
3084 1587 296 102 wäre,
3443 1617 292 59 wenn
3798 1585 165 96 die

971 1676 129 93 do
1180 1678 354 95 bliebt!

1215 1862 495 96 Susanne:
1798 1870 437 111 „Jules“,
2320 1882 240 107 jetzt
2644 1887 191 87 wie
2919 1885 176 91 m'r
3181 1888 296 97 ellein
3560 1899 180 101 sin,
3827 1931 128 59 un

968 1985 88 95 d'
1134 1987 434 98 Mamme
1647 1992 200 96 furt
1922 2000 241 109 isch.
2247 2002 312 108 Jules,
2672 2043 112 56 ze
2901 2011 292 92 welle
3304 2022 185 84 mir
3597 2053 179 61 uns
3859 2027 99 88 in

966 2111 246 95 aller
1274 2117 309 118 Ruehj
1642 2126 582 112 üsspreche.

1210 2296 287 94 Jules
1584 2304 134 113 (in
1801 2327 397 95 grosser
2281 2311 412 99 Unruhe
2781 2321 167 91 auf
3036 2325 194 91 und
3318 2326 200 118 ab):
3614 2329 337 109 „C'est

964 2455 115 75 ça“,
1246 2432 96 85 in
1413 2427 246 94 aller
1725 2430 347 120 Ruehj.

1206 2604 493 100 Susanne:
1757 2613 208 94 Vor
2027 2616 321 112 allem,
2411 2620 308 112 Jules,
2782 2662 170 58 saa
3011 2632 204 105 m'r,
3273 2669 375 59 worum
3715 2639 229 93 dass

961 2735 128 87 dü
1155 2741 181 84 mir
1405 2769 109 58 so
1581 2736 225 119 lang
1875 2739 268 95 kenn
2209 2743 272 94 Brief
2546 2747 618 117 g'schriwwe
3235 2758 303 94 hesch
3600 2835 227 33 ...

1203 2916 284 94 Jules
1566 2925 287 111 (nach
1933 2933 272 89 einer
2279 2931 466 97 Ausrede
2829 2939 513 111 suchend):
3434 2943 70 93 's
3579 2945 363 114 Papier

952 3040 213 96 isch
1226 3046 176 93 m'r
1465 3056 437 112 üsgange
1983 3130 203 25 ...
2253 3091 270 60 awer
2589 3062 343 115 gescht
2998 3064 391 97 hawich
3456 3070 176 93 m'r
3698 3073 242 92 wid-

955 3168 176 93 der
1192 3170 314 111 kauft,
1572 3211 129 56 un
1764 3186 308 109 morje
2139 3180 392 99 hawich
2601 3185 142 93 d'r
2810 3224 50 59 e
2926 3210 375 95 grosse,
3372 3230 54 59 e
3492 3194 322 123 lange,
3884 3235 54 56 e

949 3303 280 84 nette
1308 3296 272 97 Brief
1658 3301 484 100 schriewe
2225 3308 291 96 welle
2600 3389 252 35 ...
2891 3317 279 113 (Man
3251 3317 228 98 hört
3554 3320 383 119 Ropfer

948 3454 181 60 vor
1182 3420 175 94 der
1406 3423 505 96 Mitteltür
1961 3429 583 119 schimpfen.
2606 3436 280 97 Jules
2944 3452 438 86 entsetzt
3432 3444 154 97 für
3643 3451 285 114 sich):

952 3543 375 108 Jesses,
1393 3548 146 92 d'r
1605 3554 522 113 „patron“!
2202 3556 162 112 (Er
2427 3569 340 84 verrät
2831 3587 345 92 grosse
3238 3567 693 124 Bestürzung.)

1195 3724 496 97 Susanne:
1758 3730 237 98 Was
2058 3737 303 95 hesch
2425 3741 287 107 denn,
2779 3745 350 98 Jules?

1193 3903 322 95 Jules:
1685 3912 599 115 G'schwind,
2385 3920 489 101 Susanne!
3035 3931 383 112 Kumm,
3523 3944 404 88 tummel

950 4027 260 97 dich!
1304 4033 159 113 (Er
1546 4036 250 94 fasst
1880 4040 450 100 Susanne
2413 4050 262 93 beim
2758 4054 280 115 Arm)
3134 4058 574 100 G'schwind
3800 4069 126 91 do

940 4160 100 87 in
1103 4156 121 93 de
1287 4158 554 120 Telephon!

1189 4341 491 96 Susanne:
1759 4351 150 109 Ja,
1984 4390 271 58 awer
2322 4394 379 62 worum
2768 4366 330 94 denn?
3176 4370 321 108 (Jules
3568 4374 354 120 drängt

946 4496 141 56 sie
1150 4470 96 87 in
1312 4468 159 92 die
1533 4470 459 120 Kabine.)

1186 4645 321 95 Jules:
1569 4653 441 97 Tummel
2069 4661 259 96 dich!
2381 4725 125 12 —
2562 4667 65 104 ’s
2686 4671 208 92 isch
2951 4672 267 97 kenn
3273 4675 195 98 Zitt
3526 4719 110 56 ze
3694 4721 225 56 ver-

938 4764 276 114 liere,
1288 4772 142 93 d'r
1504 4851 214 30 ...
1793 4783 321 114 (sucht
2184 4791 254 92 nach
2510 4797 275 89 einer
2851 4796 504 122 Ausrede)
3435 4806 141 114 d'r
3647 4807 271 95 Kon-

938 4891 416 98 trolleur
1404 4935 199 60 vun
1654 4904 842 121 de-n-Apotheke
2549 4917 379 100 kummt
2987 4997 183 25 ...
3249 4963 125 59 un
3433 4931 279 94 d'rno
3774 5009 151 29 ...

944 5014 162 112 (Er
1156 5020 171 94 hat
1381 5022 450 101 Susanne
1886 5039 100 85 in
2040 5037 158 93 die
2252 5036 389 99 Kabine
2701 5046 510 120 gedrängt.
3266 5054 132 93 Er
3452 5057 466 96 schliesst

939 5140 375 98 schnell
1368 5148 121 92 ab
1547 5155 195 92 und
1797 5158 333 97 steckt
2185 5164 190 93 den
2430 5166 505 101 Schlüssel
2996 5182 185 88 ein.
3239 5179 283 95 Jules
3576 5184 338 93 trock-

942 5277 171 79 net
1171 5267 191 96 den
1416 5272 497 102 Schweiss
1970 5320 193 56 von
2220 5289 176 93 der
2455 5291 400 122 Stirne.)
2916 5296 226 98 Diss
3204 5304 183 93 soll
3445 5307 175 92 m'r
3679 5314 241 111 jetzt

937 5393 170 84 nix
1173 5396 185 88 sin!
