1 1
1987 453 669 115 - 62 -

994 584 537 168 Madame
1611 662 487 94 Schmidt:
2189 669 272 97 Halt!
2549 672 132 96 Ze
2765 690 316 80 warte
3169 717 271 58 awer
3507 631 279 147 doch

772 788 671 132 wenigstens,
1510 787 150 96 bis
1718 788 146 96 d'r
1922 789 345 98 Babbe
2331 796 125 96 do
2517 801 239 92 isch.

1055 947 683 122 Schampetiss
1826 959 286 116 (stolz
2197 961 828 124 hereintretend):
3112 974 493 119 „Bonjour
3684 978 99 95 la

808 1078 692 115 compagnie!“

1057 1226 472 98 Madame
1582 1233 484 97 Schmidt:
2186 1241 189 109 „Ah,
2432 1245 93 93 le
2590 1247 360 97 voilà!“

1056 1376 380 121 Ropfer
1532 1387 192 112 (für
1811 1390 283 115 sich):
2195 1394 274 98 Jetzt
2561 1433 328 64 muess
2986 1403 145 96 d'r
3219 1408 559 98 Kladdera-

798 1504 354 93 datsch
1223 1510 433 94 kummel!

1055 1656 287 96 Jules
1410 1665 191 113 (für
1663 1671 284 114 sich):
2018 1672 459 98 Verlore!

1050 1825 467 98 Madame
1571 1833 483 97 Schmidt:
2172 1840 295 98 „Voilà
2521 1880 154 59 ma
2733 1847 239 97 fille!
3033 1849 479 119 Susanne,
3575 1894 196 58 em-

804 1946 346 101 brasse
1233 1968 167 81 ton
1478 1963 708 117 grand-père!“

1045 2117 487 99 Susanne:
1604 2125 823 130 „Grand-papa!“
2494 2142 483 112 (Umarmt
3011 2131 750 139 Schampetiss.)

1048 2285 466 102 Madame
1576 2295 500 98 Schmidt:
2123 2302 158 97 Un
2340 2307 125 93 do
2527 2314 225 91 stell
2815 2315 158 91 ich
3035 2316 150 95 dir
3248 2321 124 92 de
3435 2322 330 97 Hoch-

797 2416 296 89 zitter
1144 2448 199 59 vun
1393 2424 379 93 minere
1826 2422 443 98 Dochter
2322 2466 212 59 vor.
2593 2434 321 113 (Jules
2968 2450 458 109 verneigt
3480 2448 279 117 sich.)

793 2533 654 108 „Embrassez
1500 2554 288 84 votre
1843 2552 699 117 grand-père.“
2605 2559 716 119 (Schampetiss
3379 2564 388 105 streckct

800 2658 162 97 die
1037 2663 309 98 Arme
1424 2703 172 59 aus
1675 2675 196 92 und
1950 2691 417 83 umarmt
2446 2683 350 114 Jules.)

1041 2830 716 122 Schampetiss:
1899 2843 579 115 „Continuez,
2545 2855 287 112 jeune
2903 2856 488 94 homme!“

1040 2996 412 119 Ropfer:
1510 3003 81 96 O
1648 3009 258 92 weh!
1965 3018 241 108 jetzt
2255 3015 335 93 kumm
2640 3022 158 92 ich
2851 3023 255 117 glich
3161 3062 125 59 an
3336 3026 88 96 d'
3477 3030 284 97 Reih.

1043 3163 463 98 Madame
1593 3170 483 99 Schmidt:
2231 3178 154 96 Un
2476 3183 125 96 do
2693 3190 225 91 stell
3014 3192 154 91 ich
3260 3193 145 95 d'r
3493 3205 262 85 mine

793 3283 615 116 Hochzitter,
1526 3295 124 93 de
1764 3300 329 94 Moler
2205 3303 446 98 Antoine
2767 3309 368 98 Müller
3250 3354 520 76 vor...

800 3409 713 122 (Schampetiss
1587 3428 126 85 ist
1783 3427 584 118 sprachlos.)

1037 3563 379 118 Ropfer
1566 3574 416 113 (streckt
2066 3577 158 96 die
2308 3582 308 97 Arme
2733 3623 175 58 aus
3020 3596 200 90 und
3337 3611 416 83 umarmt

790 3688 608 122 schleunigst
1456 3695 755 128 Schampetiss):
2344 3707 539 99 „Général!“
2940 3777 125 9 —
3123 3720 447 113 (Abseits
3636 3753 141 66 zu

790 3808 712 133 Schampetiss)
1565 3820 496 102 Verrothe
2119 3840 196 101 nix,
2381 3834 238 96 um's
2682 3827 775 128 Himmelswille,
3531 3885 221 59 ver-

785 3938 287 96 rothe
1147 3944 205 92 nix!

1034 4089 466 135 Madame
1579 4099 446 98 Schmidt
2109 4111 387 112 (wischt
2580 4118 204 91 sich
2867 4120 159 95 die
3113 4124 392 94 Tränen
3596 4135 154 101 ab,

788 4212 633 122 desgleichen
1479 4224 525 123 Susanne):
2075 4231 221 97 Wie
2362 4245 122 84 im
2546 4275 53 58 e
2655 4239 737 99 Rüehrstüeck!

1028 4380 379 117 Ropfer
1469 4391 184 112 (für
1716 4393 279 121 sich):
2062 4398 217 93 Pfui
2333 4403 353 136 Dejfel,
2748 4410 318 93 riecht
3124 4411 180 93 der
3362 4418 383 92 widder

786 4506 258 90 noch
1123 4506 551 103 Küemmel!

1031 4671 283 94 Jules
1372 4678 201 116 (auf
1627 4684 159 91 die
1844 4685 204 92 Uhr
2110 4690 579 123 schauend):
2760 4698 150 109 Ja,
2968 4703 175 92 m'r
3197 4718 267 83 sotte
3522 4720 221 82 not-

781 4796 329 93 wendi
1185 4797 225 114 furt,
1493 4809 358 91 sunsch
1926 4810 529 102 bekumme
2527 4821 178 93 m'r
2780 4823 122 96 de
2980 4827 200 119 Zug
3252 4837 365 90 nimmi.

1030 4959 466 102 Madame
1571 4970 484 99 Schmidt:
2195 4981 197 93 Mir
2500 4984 254 116 gehn
2859 4990 142 91 uff
3105 4995 633 112 Bade-Bade,

783 5079 371 114 Babbe,
1229 5089 154 93 Ihr
1458 5095 254 113 gehn
1783 5102 525 97 natierlich
2387 5142 121 61 au
2583 5118 200 88 mit.

1029 5234 715 123 Schampetiss:
1870 5251 191 96 Un
2186 5241 217 126 ebb,
2529 5263 203 96 diss
2824 5228 200 133 will
3119 5274 159 93 ich
3369 5277 367 93 meine!

783 5354 769 119 „Ventrebleu!“
