1 1
357 199 29 17 —
423 196 91 18 19
484 183 33 43 —

121 256 91 23 Fanfare
235 255 44 27 nach
303 253 168 28 fünfundzwanzig
491 251 77 26 Jahren
591 250 40 21 eine
653 247 101 29 glänzende

120 291 158 30 Vergangenheit
293 296 34 16 vor
343 289 46 26 sich“
403 305 4 4 .
420 305 4 4 .
440 305 1 3 .
487 287 20 21 O
523 285 125 23 Gasladern!
674 279 81 37 Widder

120 328 61 29 falsch.
208 334 27 14 (Er
245 333 32 16 sieht
287 332 14 14 in
311 332 25 14 den
345 330 47 17 Zettel
403 330 27 14 und
441 330 41 16 prägt
492 328 24 17 sich
526 327 39 17 ein)
561 322 7 39 :
582 322 55 25 „eine
654 319 102 29 glänzende

121 363 103 29 Zukunft
239 370 34 15 vor
288 361 40 28 sich,
344 361 41 21 eine
401 359 101 29 glänzende
513 357 82 29 Zukunft
611 363 35 15 vor
659 355 40 27 sich,
715 356 42 21 eine

122 399 103 30 glänzende
235 397 84 30 Zukunft
330 404 34 15 vor
375 395 54 28 sich“.
446 395 33 23 So
491 407 27 3 —
530 394 30 28 jetz
576 392 73 23 wurd's
660 390 41 29 doch
712 390 43 29 sitze.

122 442 27 16 (Er
158 440 52 18 seufzt.)
228 434 59 25 „Wir
303 433 70 22 können
391 436 20 17 es
428 431 40 27 stolz
485 431 56 27 sagen
553 446 5 4 .
571 446 4 4 .
590 446 1 4 .
608 429 33 21 der
652 428 71 22 Verein
737 427 21 26 ist

123 471 34 27 auf
177 470 28 23 die
225 468 66 28 höchste
308 468 60 28 Stufe
388 468 31 22 der
434 465 142 28 Verwickelung
592 463 117 30 gekommen!
732 475 24 2 —

124 507 46 23 Wir
189 506 40 26 sind
245 505 36 22 alle
296 504 54 26 durch
363 521 4 4 .
380 520 5 4 .
398 519 20 5 .
417 495 11 41 .
440 503 36 21 wir
496 501 38 26 sind
556 500 35 22 alle
611 501 41 21 eine
673 499 86 28 gemeine

124 542 76 24 Bande,
217 542 36 21 wir
268 540 40 27 sind
324 540 19 27 ja
359 538 37 22 alle
412 537 115 23 Brüder!!“
549 536 20 22 O
585 535 25 27 ich
626 534 45 27 Roß
687 534 72 22 Gottes

125 586 32 15 am
168 577 142 27 Palmsundaa!
326 576 29 21 die
366 574 83 26 Gschicht
459 572 41 23 will
510 571 43 28 noch
566 579 35 21 gar
611 571 31 22 nit
653 570 105 29 gehn...

125 614 26 26 ich
173 612 35 27 hab
228 612 53 26 schun
296 612 30 26 jetz
343 617 8 15 e
367 609 51 27 Kopf
433 609 35 22 wie
485 616 8 14 e
510 602 86 32 Seschter
615 613 28 15 un
662 606 34 22 bin
715 604 45 27 noch

126 650 29 22 nit
171 648 49 24 emol
236 654 31 16 am
283 645 111 30 franzeesche
410 644 61 29 Dheil
483 662 3 4 .
500 662 4 4 .
519 662 1 4 .
541 662 1 3 .
565 643 64 23 Wenn
646 641 25 29 ich
686 642 30 27 jetz
732 640 29 27 uff

127 686 71 22 einmol
219 684 60 28 dhädd
300 682 49 27 stecke
370 682 67 22 bliewe
453 694 27 2 —
498 693 26 2 —
540 687 28 15 un
586 679 70 22 nimmi
672 677 89 27 wittersch

127 721 54 27 wüßt
192 733 26 3 —
232 733 25 2 —
275 720 17 21 ’s
309 719 32 27 isch
358 718 37 22 m'r
411 717 52 28 schun
480 716 54 29 grad,
550 716 36 21 wie
598 721 57 16 wenn
665 713 46 27 mich
722 719 39 16 e-n-

129 758 34 26 Aff
178 757 35 22 mit
225 754 119 26 Gockelsnüß
359 753 114 27 verschmisse
484 752 60 28 dhädd
557 769 4 4 .
575 769 3 4 .
591 769 4 4 .
611 768 1 4 .
628 757 28 15 un
664 751 40 21 min
715 745 48 35 Herz

129 792 56 28 klopft
201 790 53 28 schun
270 791 35 21 wie
326 796 4 15 e
345 788 220 27 Schüeschtershammer
577 804 4 4 .
594 803 4 5 .
611 803 4 4 .
628 803 4 4 .
655 786 17 21 ’s
688 785 42 22 wär
745 785 17 27 jo

130 827 106 29 schrecklich!
253 827 40 23 Dis
310 826 40 22 wär
365 825 18 28 jo
400 824 29 23 d'r
445 823 81 23 comble
541 828 41 17 vun
597 828 29 16 ere
639 815 124 37 Blamasch!!

130 870 25 15 (Er
165 869 44 17 wischt
220 869 23 17 sich
253 869 24 13 den
285 866 66 17 Schweiß
361 867 27 14 aus
398 865 29 15 dem
438 864 53 18 Gesicht
500 864 27 14 und
537 863 39 17 wirft
586 864 22 15 sich
619 863 24 16 auf
653 862 21 15 die
684 862 45 15 Knie.)
744 856 20 22 O

131 899 65 29 heiligi
207 899 33 22 Ste
250 898 80 23 Cécile!
347 896 76 23 erbarm
437 895 37 26 dich
485 895 52 23 üwer
548 893 54 28 mich,
617 900 27 15 un
661 893 45 28 lüej,
722 895 42 18 was

131 936 30 27 for
179 943 2 14 e
192 934 72 28 Müehj
275 933 25 27 ich
312 933 67 22 d'rmit
390 932 45 26 hab,
450 932 31 27 for
497 932 59 21 denne
570 931 94 21 discours
677 923 88 37 üswendi

132 978 17 23 ze
165 971 66 28 lehre
227 961 9 44 .
245 987 4 4 .
262 987 4 4 .
279 986 4 5 .
301 969 17 21 ’s
334 967 32 27 isch
382 968 19 26 jo
417 967 41 21 din
474 966 69 28 Fescht,
560 972 28 15 wo
604 965 38 22 m'r
658 964 57 27 fiehre
727 980 4 4 .
744 980 4 4 .
761 980 4 4 .

132 1015 26 14 un
174 1008 25 21 dü
215 1005 68 28 wursch
300 1012 24 15 au
340 1005 29 21 nit
385 1002 53 24 wölle
454 1003 45 26 han,
519 1001 38 26 daß
577 1002 6 21 i
604 999 50 28 stecke
669 999 50 26 blie;
740 1006 27 15 un

133 1048 55 16 wenn
203 1041 26 22 dü
244 1040 88 28 machsch,
352 1039 37 26 daß
407 1040 6 20 i
429 1038 59 22 denne
504 1038 95 21 discours
616 1037 45 27 güet
677 1035 52 27 halt,
749 1034 18 26 so

133 1076 107 30 versprich
231 1068 11 42 i
251 1076 36 26 d'r,
304 1076 17 26 so
337 1075 36 23 viel
390 1081 18 22 ze
423 1073 66 25 trinke,
505 1072 31 24 als
552 1073 25 22 dü
593 1070 85 29 meinsch,
694 1070 37 27 daß
747 1073 21 19 es

134 1115 59 28 genüe
201 1113 34 28 isch
245 1130 4 4 .
259 1130 5 4 .
276 1129 2 4 .
306 1118 25 15 un
340 1118 24 15 au
372 1110 45 27 noch
425 1111 50 26 meh,
486 1116 54 15 wenn
549 1109 41 22 de's
602 1106 107 29 verlangsch
719 1123 4 5 .
734 1123 4 4 .
749 1123 4 4 .
763 1122 5 5 .

135 1155 60 19 (Sophie
205 1156 27 13 von
241 1153 47 19 links.)
305 1148 30 21 Un
346 1146 25 28 ich
383 1145 42 30 gieb
437 1146 29 22 d'r
477 1145 77 28 d'heilig
566 1143 134 29 Versicherung
712 1159 4 4 .
730 1158 4 5 .
747 1158 4 5 .
764 1158 4 4 .

193 1186 91 27 Sophie:
301 1184 35 27 Ich
353 1183 66 28 glaub,
435 1183 29 22 dir
477 1182 136 27 schwabbelt's,
629 1180 37 26 daß
677 1180 24 22 dü
712 1179 19 26 so
742 1178 29 27 uff

137 1223 25 21 'm
182 1221 140 23 Bode-n-erum
342 1218 77 28 fahrsch.
450 1217 74 27 Lehrsch
545 1224 33 15 am
596 1216 42 22 End
660 1222 9 15 e
688 1215 81 22 Liewes-

136 1258 100 28 erklärung
250 1255 88 24 üswendi
350 1273 4 4 .
367 1272 4 4 .
385 1272 4 4 .
402 1272 3 4 .
423 1254 43 23 oder
478 1252 59 29 sunsch
549 1251 54 24 ebbs.
619 1250 89 28 Wurrsch
719 1257 52 16 awer
