1 1
392 198 29 17 —
457 196 95 18 29
514 183 41 43 —

147 253 52 30 Fall,
216 253 37 28 daß
270 258 22 19 es
307 255 17 27 je
341 260 8 15 e
366 252 68 24 kleiner
451 252 91 24 Skandal
563 252 40 27 sott'
623 258 51 22 genn
699 264 26 2 —
751 255 43 19 was

148 292 17 27 jo
184 290 57 23 leider
259 290 62 24 Gotts
338 290 30 22 nit
383 296 19 21 ze
418 284 116 32 hoffe-n-isch
560 301 26 2 —
610 295 20 22 ze
653 288 36 23 bitt
713 288 25 28 ich
755 288 39 22 Sie

149 328 27 22 im
187 327 76 25 Vorüs,
279 326 51 23 alles
346 325 152 29 ze-n-exküsiere
501 320 13 38 ;
516 325 35 27 Iri
564 324 73 29 Müehj
653 324 34 27 soll
705 325 29 22 'ne
751 324 44 29 güet

149 363 77 28 belohnt
239 363 61 23 wäre.

208 400 103 27 Karcher:
336 398 86 22 Wurum
446 398 53 26 soll's
524 398 49 22 denn
599 404 51 16 awer
674 404 8 15 e
705 397 89 22 Skandal

149 438 65 27 genn?

208 472 93 28 Sophie:
326 472 37 27 Ja,
379 472 27 28 ja,
422 471 26 28 ich
470 471 56 26 weiß,
551 470 36 28 daß
611 471 37 22 m'r
673 471 45 28 lang
743 470 52 28 druff

149 510 59 21 warte
231 509 65 22 könne.
328 509 17 21 ’s
362 508 31 25 isch
411 508 41 21 arri
468 508 67 28 genüe.
568 507 59 22 Awer
647 507 90 25 Gottlob,
759 506 37 27 daß

149 547 37 21 m'r
202 545 101 30 wenigstes
319 545 39 22 ball
376 544 83 28 erfahre,
475 550 29 16 wo
516 543 49 23 dran
577 543 36 27 daß
624 544 39 21 m'r
675 543 34 26 sin.
730 542 65 23 Denke

150 583 40 22 Sie
206 583 49 21 emol
271 582 30 22 die
316 581 112 27 Uffreijung
446 581 53 27 zitter
515 581 45 27 zwei
574 580 80 27 Woche!
675 581 32 21 Un
723 581 30 26 jetz
769 579 27 28 sitz

150 619 26 27 ich
199 619 36 21 wie
259 617 29 27 uff
309 617 119 25 Guffe-n-un
451 617 83 24 Noodle,
557 617 32 22 dis
612 616 59 22 könne
694 617 40 22 Sie
758 617 38 21 m'r

150 655 83 28 glauwe.

211 692 101 27 Karcher:
333 691 37 26 Ich
386 697 52 16 awer
454 697 33 18 au,
503 691 102 21 madame.
622 695 44 16 (Nach
681 694 38 14 einer
731 694 64 17 Pause)
792 686 7 37 :

151 730 61 26 Wisse
223 730 40 21 Sie
279 730 102 22 madame,
397 734 33 16 am
446 726 96 28 nächschde
554 726 120 27 Samschdaa
684 726 63 22 Owes
763 724 33 28 isch

151 767 19 21 in
187 765 165 27 Schilke...

211 800 91 28 Sophie:
320 799 36 28 Ich
373 798 57 27 weiß,
447 799 25 27 ich
489 798 55 27 weiß.
577 799 43 22 Der
636 797 109 28 Kirchechor
761 798 36 28 gitt

151 846 9 15 e
177 838 87 28 Konzert.
281 837 46 23 M'r
343 836 27 26 sin
387 843 25 15 au
428 835 95 29 ingelade.
544 840 58 18 (Pause,
612 840 23 15 für
645 840 42 18 sich):
704 834 43 23 Der
763 833 34 28 isch

151 874 39 27 stiff
206 875 36 22 wie
259 882 9 14 e
284 872 100 30 Säejbock.
410 878 56 17 (Laut):
482 871 45 23 M'r
543 871 109 23 wölle-n-in
669 871 49 22 mini
727 869 70 24 Stubb

151 911 56 29 gehn.
239 910 48 23 M'r
301 911 69 24 warte,
386 908 32 24 bis
435 909 17 22 'r
467 916 40 15 vun
523 907 74 28 selbscht
612 906 121 23 erinkummt.
766 907 32 22 Un

151 948 47 22 drno
216 946 68 23 kann's
299 945 90 24 Kumedie
406 946 31 22 los
453 945 55 28 gehn.

212 983 91 26 Karcher
314 987 30 17 (Für
354 986 42 18 sich):
414 981 37 27 Ich
459 980 58 29 fercht
525 979 62 29 fascht,
601 984 20 19 es
632 980 36 28 gitt
676 986 9 15 e
694 979 103 28 tragédie.

152 1025 60 18 (Laut):
229 1020 66 23 Wenn
310 1019 38 22 m'r
365 1017 82 28 nämlich
463 1016 53 24 Geld
531 1016 82 28 placiere
629 1015 129 23 will...

212 1055 92 27 Sophie:
329 1055 81 23 Kumme
426 1053 49 26 Sie,
494 1052 77 23 wenn's
596 1052 76 23 beliebt.
703 1051 95 29 Verzähle

152 1093 41 23 Sie
207 1092 38 22 m'r
261 1090 47 24 ebbs
324 1097 40 16 vun
380 1089 125 29 Bischwiller.
532 1088 36 29 Ich
585 1088 94 28 interessir
694 1087 47 29 mich
758 1088 40 22 arri

152 1128 62 29 drfor.

213 1165 91 28 Karcher
320 1168 29 18 (für
363 1168 41 18 sich):
421 1162 60 24 Awer
497 1162 26 28 ich
539 1163 35 22 nit.
592 1162 47 28 Hätt
654 1160 26 29 ich
696 1167 38 17 nur
746 1160 53 28 schun

153 1202 49 23 mini
219 1200 126 28 Kommission
362 1199 105 29 üsgericht!
492 1204 60 18 (Laut)
551 1193 13 39 :
570 1199 34 22 Eh
620 1199 49 24 ben,
685 1197 26 28 ich
727 1197 71 23 kumm.

153 1243 36 19 (Für
199 1242 43 19 fich)
244 1231 10 40 :
260 1238 17 22 E
294 1236 85 29 füerichti
395 1235 93 30 Familli
486 1231 11 40 !
505 1240 50 18 (Beide
566 1240 32 17 nach
608 1239 37 14 links
656 1239 28 18 ab.)
