1 1
488 195 35 17 —
555 193 28 19 30
614 195 36 17 —

506 253 22 23 8.
550 251 84 27 Scene.

350 304 149 23 Enishänsel,
513 305 97 22 Schanté
623 306 54 22 (durch
690 307 26 17 die
728 307 63 20 Mitte).

306 347 143 28 Enishänsel:
467 347 73 22 Kumm
556 348 50 25 erin,
617 348 137 27 Barthélemy,
771 348 62 24 kumm
844 350 48 20 erin.

245 383 88 28 Sychsch,
349 383 31 23 dis
398 383 33 28 isch
447 384 30 22 d'r
485 384 62 27 Platz,
564 390 29 16 wo
610 384 25 23 dü
651 384 41 23 dini
702 384 92 24 Lorbeere
807 385 86 23 verdiene

245 419 84 28 kannsch.

304 451 94 37 Schanté
413 461 47 17 (diefer
468 462 47 15 Mann
522 464 27 12 von
556 461 68 19 ungefähr
631 463 19 13 40
657 462 60 18 Jahren,
728 462 26 15 mit
764 464 51 15 rotem,
824 463 68 19 pfiffigem

244 491 60 17 Gesicht.
323 491 66 18 Bäurisch
401 496 82 14 angezogen.
503 492 20 14 Er
534 492 38 18 trägt
582 492 25 17 auf
617 493 29 13 dem
657 492 52 16 Backen
719 492 22 16 ein
752 493 71 18 ähnliches
833 493 59 18 Pflaster

244 521 27 14 wie
281 521 72 18 Sophie):
375 517 55 22 Oder
450 524 29 15 wo
501 517 25 28 ich
547 517 135 29 nüsgschmisse
704 524 55 20 wur,
781 519 17 21 ’s
819 518 33 27 isch
874 520 18 26 jo

245 547 18 21 ’s
279 548 68 21 nämli.

305 584 143 28 Enishänsel
449 580 12 37 :
470 585 51 28 Kopf
538 585 54 28 hoch,
609 585 142 28 Barthélemy,
772 585 50 27 Kopf
839 585 53 27 hoch!

244 620 49 27 Halt
313 620 37 28 dich
371 627 38 15 nur
429 627 25 15 an
476 621 40 21 dini
533 620 140 27 Instrüktione.
705 621 66 22 Wenn
787 621 41 22 de's
848 622 45 28 güet

244 656 91 28 machsh,
353 663 19 22 ze
391 657 57 29 gitt's
470 664 4 16 e
490 658 83 27 Souper
589 658 88 22 Nümero
693 657 59 28 Pfiff.
784 658 41 28 Jetz
842 665 51 16 awer

244 692 138 29 d'Hauptsach
380 688 10 38 :
405 693 47 28 stopf
474 694 43 22 dine
537 694 76 28 Ehring
634 694 33 22 ins
683 693 123 28 Schilesäckel
821 699 71 17 (Schanté

244 734 35 18 steckt
289 734 24 18 ihn
325 734 27 18 ein)
368 736 28 16 un
412 729 31 28 loß
458 730 35 28 nix
509 730 71 23 d’rvun
593 730 89 26 verlütte,
699 729 38 29 daß
748 730 21 22 de
780 729 53 29 schun
846 730 46 29 dreij

243 765 72 23 Kinder
332 765 54 28 hesch.
411 766 17 23 E
445 765 72 30 lediger
528 766 68 24 Mann
613 766 34 27 isch
664 766 38 23 viel
718 766 122 30 gfährlicher,
855 767 36 22 wie

243 808 9 16 e
273 801 93 29 ghiroter,
385 808 27 16 un
433 808 39 16 wer
492 802 48 29 dreij
557 802 73 24 Kinder
651 803 41 27 het,
714 803 32 23 der
765 803 31 28 het
812 803 54 27 schun
883 810 9 16 e

243 837 55 27 starki
313 837 88 29 Familli.
422 839 41 22 D'r
479 839 28 22 alt
523 839 108 28 Stieffatre
648 839 57 26 müeß
721 839 134 22 absolument
870 840 21 21 in

243 875 22 22 de
276 874 87 23 Glauwe
373 874 99 29 gebroocht
482 875 61 25 wäre,
558 875 38 28 daß
607 874 26 23 dü
644 875 29 27 uff
684 874 36 27 sini
730 874 54 29 Frau
796 874 95 28 brennsch.

243 911 32 22 Un
292 919 56 15 wenn
365 911 20 23 de
401 910 84 28 merksch,
503 911 36 27 daß
555 911 76 28 d'Flint
649 911 83 29 losgeht,
745 925 27 2 —
784 911 56 23 d'rno
852 912 40 29 furt

243 947 56 23 wie's
315 947 164 23 Dunderwedder.

302 984 106 26 Schanté:
430 984 90 23 Verlonn
538 984 39 23 Sie
593 984 33 27 sich
643 984 30 28 uff
688 984 55 28 mich,
763 984 52 27 Herr
831 986 59 21 Enis-

243 1021 72 26 hänsel,
331 1021 38 22 m'r
384 1022 72 21 wäre's
474 1021 53 26 schun
544 1022 59 26 packe.

302 1057 142 27 Enishänsel:
460 1058 47 28 Zaij
523 1058 60 22 denne
599 1058 49 24 Litt,
664 1057 38 27 daß
718 1065 8 14 e
743 1058 147 28 Bischwillemer

241 1095 55 27 züem
312 1094 98 30 Wenigste
426 1095 48 28 grad
490 1095 19 25 so
525 1094 39 23 viel
579 1094 95 28 Schokola
691 1095 68 29 gfresse
776 1096 38 27 het,
829 1096 36 21 wie
882 1102 8 14 e

242 1130 138 29 Stroßburjer.

301 1167 105 28 Schanté:
423 1167 36 28 Ich
476 1167 52 22 mein
546 1168 37 21 au!

302 1203 142 28 Enishänsel:
462 1204 35 23 Dü
513 1203 63 28 weisch
592 1204 84 27 wodruff
692 1204 37 27 daß
746 1208 21 18 es
785 1204 104 23 ankummt.

301 1240 104 29 Schanté:
421 1241 42 22 Lon
474 1241 41 23 Sie
525 1240 47 27 mich
584 1247 38 16 nur
633 1240 69 28 mache.
722 1240 65 24 Wenn
804 1240 24 28 ich
841 1241 48 22 emol

241 1283 19 21 ze
276 1276 193 29 schmüse-n-anfang,
485 1283 18 22 ze
519 1276 87 28 kracht's.
