<alto xmlns="http://www.loc.gov/standards/alto/ns-v3#" xmlns:xlink="http://www.w3.org/1999/xlink" xmlns:xsi="http://www.w3.org/2001/XMLSchema-instance" xmlns:xs="http://www.w3.org/2001/XMLSchema" xsi:schemaLocation="http://www.loc.gov/standards/alto/ns-v4# https://www.loc.gov/standards/alto/v4/alto.xsd">
  <Description>
    <MeasurementUnit>pixel</MeasurementUnit>
    <sourceImageInformation>
      <fileName/>
    </sourceImageInformation>
    <OCRProcessing ID="IdOcr">
      <ocrProcessingStep>
        <processingSoftware>
          <softwareName>tesseract 4.1.0</softwareName>
        </processingSoftware>
      </ocrProcessingStep>
    </OCRProcessing>
  </Description>
  <Styles><TextStyle ID="font0" FONTSIZE="36.75" FONTFAMILY="jbnolc+helvetica-bold" FONTTYPE="sans-serif" FONTWIDTH="proportional" FONTCOLOR="#WWWWff" FONTSTYLE="bold"/><TextStyle ID="font1" FONTSIZE="27.0" FONTFAMILY="jbnolc+helvetica-bold" FONTTYPE="sans-serif" FONTWIDTH="proportional" FONTCOLOR="#WWWWff" FONTSTYLE="bold"/><TextStyle ID="font2" FONTSIZE="28.0" FONTFAMILY="jbnolc+helvetica-bold" FONTTYPE="sans-serif" FONTWIDTH="proportional" FONTCOLOR="#WWWWff" FONTSTYLE="bold"/><TextStyle ID="font3" FONTSIZE="28.953085" FONTFAMILY="jbnolc+helvetica-bold" FONTTYPE="sans-serif" FONTWIDTH="proportional" FONTCOLOR="#WWWWff" FONTSTYLE="bold"/><TextStyle ID="font4" FONTSIZE="29.0" FONTFAMILY="jbnolc+helvetica-bold" FONTTYPE="sans-serif" FONTWIDTH="proportional" FONTCOLOR="#WWWWff" FONTSTYLE="bold"/><TextStyle ID="font5" FONTSIZE="26.358112" FONTFAMILY="jbnolc+helvetica-bold" FONTTYPE="sans-serif" FONTWIDTH="proportional" FONTCOLOR="#WWWWff" FONTSTYLE="bold"/><TextStyle ID="font6" FONTSIZE="17.643625" FONTFAMILY="jbnolc+helvetica-bold" FONTTYPE="sans-serif" FONTWIDTH="proportional" FONTCOLOR="#WWWWff" FONTSTYLE="bold"/><TextStyle ID="font7" FONTSIZE="31.333334" FONTFAMILY="jbnolc+helvetica-bold" FONTTYPE="sans-serif" FONTWIDTH="proportional" FONTCOLOR="#WWWWff" FONTSTYLE="bold"/><TextStyle ID="font8" FONTSIZE="22.0" FONTFAMILY="jbnolc+helvetica-bold" FONTTYPE="sans-serif" FONTWIDTH="proportional" FONTCOLOR="#WWWWff" FONTSTYLE="bold"/><TextStyle ID="font9" FONTSIZE="24.068859" FONTFAMILY="jbnolc+helvetica-bold" FONTTYPE="sans-serif" FONTWIDTH="proportional" FONTCOLOR="#WWWWff" FONTSTYLE="bold"/><TextStyle ID="font10" FONTSIZE="26.0" FONTFAMILY="jbnolc+helvetica-bold" FONTTYPE="sans-serif" FONTWIDTH="proportional" FONTCOLOR="#WWWWff" FONTSTYLE="bold"/></Styles><Layout>
    <Page ID="page_1" PHYSICAL_IMG_NR="1" HEIGHT="1" WIDTH="1">
      <PrintSpace HEIGHT="1" WIDTH="1" VPOS="0" HPOS="0">
        <ComposedBlock ID="carea_1_4" HEIGHT="20" WIDTH="154" VPOS="188" HPOS="401">
          <TextBlock ID="par_1_4" HEIGHT="20" WIDTH="154" VPOS="188" HPOS="401">
            <TextLine ID="line_1_3" HEIGHT="401" WIDTH="NaN" VPOS="0" HPOS="-0.019">
              <String ID="word_1_5" CONTENT="&#8212;" HEIGHT="17" WIDTH="30" VPOS="191" HPOS="401" WC="0.49" STYLEREFS="font0"/>
              <String ID="word_1_6" CONTENT="43" HEIGHT="19" WIDTH="91" VPOS="188" HPOS="464" WC="0.95" STYLEREFS="font0"/>
              <String ID="word_1_7" CONTENT="&#8212;" HEIGHT="45" WIDTH="35" VPOS="174" HPOS="523" WC="0.87" STYLEREFS="font0"/>
            </TextLine>
          </TextBlock>
        </ComposedBlock>
        <ComposedBlock ID="carea_1_5" HEIGHT="646" WIDTH="624" VPOS="241" HPOS="170">
          <TextBlock ID="par_1_5" HEIGHT="66" WIDTH="619" VPOS="241" HPOS="170">
            <TextLine ID="line_1_4" HEIGHT="231" WIDTH="NaN" VPOS="-4" HPOS="-0.011">
              <String ID="word_1_8" CONTENT="Enish&#228;nsel" HEIGHT="27" WIDTH="137" VPOS="244" HPOS="227" WC="0.85" STYLE="bold" STYLEREFS="font1"/>
              <String ID="word_1_9" CONTENT=":" HEIGHT="38" WIDTH="13" VPOS="237" HPOS="365" WC="0.85" STYLE="bold" STYLEREFS="font1"/>
              <String ID="word_1_10" CONTENT="Ich" HEIGHT="27" WIDTH="35" VPOS="244" HPOS="381" WC="0.88" STYLEREFS="font1"/>
              <String ID="word_1_11" CONTENT="hoff's" HEIGHT="27" WIDTH="57" VPOS="243" HPOS="432" WC="0.92" STYLEREFS="font1"/>
              <String ID="word_1_12" CONTENT="&#8212;" HEIGHT="2" WIDTH="24" VPOS="255" HPOS="507" WC="0.92" STYLEREFS="font1"/>
              <String ID="word_1_13" CONTENT="was" HEIGHT="17" WIDTH="41" VPOS="247" HPOS="548" WC="0.96" STYLEREFS="font1"/>
              <String ID="word_1_14" CONTENT="will" HEIGHT="22" WIDTH="39" VPOS="241" HPOS="604" WC="0.95" STYLEREFS="font1"/>
              <String ID="word_1_15" CONTENT="i" HEIGHT="20" WIDTH="6" VPOS="242" HPOS="659" WC="0.94" STYLEREFS="font1"/>
              <String ID="word_1_16" CONTENT="do" HEIGHT="21" WIDTH="22" VPOS="241" HPOS="680" WC="0.93" STYLEREFS="font1"/>
              <String ID="word_1_17" CONTENT="saa" HEIGHT="25" WIDTH="31" VPOS="241" HPOS="719" WC="0.91" STYLEREFS="font1"/>
              <String ID="word_1_18" CONTENT="&#8212;" HEIGHT="3" WIDTH="25" VPOS="252" HPOS="763" WC="0.92" STYLEREFS="font1"/>
            </TextLine>
            <TextLine ID="line_1_5" HEIGHT="175" WIDTH="NaN" VPOS="-5" HPOS="-0.011">
              <String ID="word_1_19" CONTENT="ich" HEIGHT="27" WIDTH="25" VPOS="280" HPOS="170" WC="0.93" STYLEREFS="font1"/>
              <String ID="word_1_20" CONTENT="hoff's." HEIGHT="27" WIDTH="64" VPOS="280" HPOS="210" WC="0.88" STYLEREFS="font1"/>
              <String ID="word_1_21" CONTENT="Hm" HEIGHT="26" WIDTH="36" VPOS="280" HPOS="296" WC="0.91" STYLEREFS="font1"/>
              <String ID="word_1_22" CONTENT="&#8212;" HEIGHT="3" WIDTH="24" VPOS="291" HPOS="350" WC="0.88" STYLEREFS="font1"/>
              <String ID="word_1_23" CONTENT="&#8212;" HEIGHT="2" WIDTH="25" VPOS="291" HPOS="392" WC="0.88" STYLEREFS="font1"/>
              <String ID="word_1_24" CONTENT="hm." HEIGHT="27" WIDTH="37" VPOS="278" HPOS="434" WC="0.95" STYLEREFS="font1"/>
              <String ID="word_1_25" CONTENT="So" HEIGHT="21" WIDTH="32" VPOS="278" HPOS="488" WC="0.96" STYLEREFS="font1"/>
              <String ID="word_1_26" CONTENT="geht's" HEIGHT="27" WIDTH="60" VPOS="277" HPOS="537" WC="0.91" STYLEREFS="font1"/>
              <String ID="word_1_27" CONTENT="&#8212;" HEIGHT="3" WIDTH="24" VPOS="288" HPOS="616" WC="0.89" STYLEREFS="font1"/>
              <String ID="word_1_28" CONTENT="oder" HEIGHT="21" WIDTH="41" VPOS="276" HPOS="658" WC="0.96" STYLEREFS="font1"/>
              <String ID="word_1_29" CONTENT="au" HEIGHT="14" WIDTH="24" VPOS="282" HPOS="715" WC="0.96" STYLEREFS="font1"/>
              <String ID="word_1_30" CONTENT="nit." HEIGHT="21" WIDTH="34" VPOS="275" HPOS="755" WC="0.96" STYLEREFS="font1"/>
            </TextLine>
          </TextBlock>
          <TextBlock ID="par_1_6" HEIGHT="30" WIDTH="299" VPOS="312" HPOS="228">
            <TextLine ID="line_1_6" HEIGHT="233" WIDTH="NaN" VPOS="-5" HPOS="-0.013">
              <String ID="word_1_31" CONTENT="Sophie:" HEIGHT="27" WIDTH="89" VPOS="315" HPOS="228" WC="0.96" STYLE="bold" STYLEREFS="font2"/>
              <String ID="word_1_32" CONTENT="Was" HEIGHT="22" WIDTH="50" VPOS="314" HPOS="333" WC="0.96" STYLEREFS="font2"/>
              <String ID="word_1_33" CONTENT="witt" HEIGHT="21" WIDTH="40" VPOS="314" HPOS="399" WC="0.96" STYLEREFS="font2"/>
              <String ID="word_1_34" CONTENT="mache?" HEIGHT="27" WIDTH="73" VPOS="312" HPOS="454" WC="0.95" STYLEREFS="font2"/>
            </TextLine>
          </TextBlock>
          <TextBlock ID="par_1_7" HEIGHT="67" WIDTH="620" VPOS="345" HPOS="170">
            <TextLine ID="line_1_7" HEIGHT="233" WIDTH="NaN" VPOS="-4" HPOS="-0.011">
              <String ID="word_1_35" CONTENT="Enish&#228;nsel:" HEIGHT="26" WIDTH="135" VPOS="350" HPOS="229" WC="0.85" STYLE="bold" STYLEREFS="font2"/>
              <String ID="word_1_36" CONTENT="Ich" HEIGHT="27" WIDTH="34" VPOS="348" HPOS="381" WC="0.53" STYLEREFS="font2"/>
              <String ID="word_1_37" CONTENT="will's" HEIGHT="22" WIDTH="58" VPOS="347" HPOS="431" WC="0.96" STYLEREFS="font2"/>
              <String ID="word_1_38" CONTENT="mit" HEIGHT="21" WIDTH="34" VPOS="348" HPOS="505" WC="0.96" STYLEREFS="font2"/>
              <String ID="word_1_39" CONTENT="eme" HEIGHT="16" WIDTH="39" VPOS="353" HPOS="555" WC="0.96" STYLEREFS="font2"/>
              <String ID="word_1_40" CONTENT="ganz" HEIGHT="21" WIDTH="46" VPOS="353" HPOS="605" WC="0.93" STYLEREFS="font2"/>
              <String ID="word_1_41" CONTENT="neije" HEIGHT="27" WIDTH="47" VPOS="346" HPOS="665" WC="0.91" STYLEREFS="font2"/>
              <String ID="word_1_42" CONTENT="Mittel" HEIGHT="23" WIDTH="67" VPOS="345" HPOS="723" WC="0.96" STYLEREFS="font2"/>
            </TextLine>
            <TextLine ID="line_1_8" HEIGHT="174" WIDTH="NaN" VPOS="-4" HPOS="-0.01">
              <String ID="word_1_43" CONTENT="prowiere," HEIGHT="26" WIDTH="97" VPOS="386" HPOS="170" WC="0.91" STYLEREFS="font1"/>
              <String ID="word_1_44" CONTENT="wo" HEIGHT="15" WIDTH="28" VPOS="391" HPOS="282" WC="0.96" STYLEREFS="font1"/>
              <String ID="word_1_45" CONTENT="wirklich" HEIGHT="27" WIDTH="77" VPOS="383" HPOS="326" WC="0.96" STYLEREFS="font1"/>
              <String ID="word_1_46" CONTENT="nit" HEIGHT="21" WIDTH="28" VPOS="384" HPOS="418" WC="0.96" STYLEREFS="font1"/>
              <String ID="word_1_47" CONTENT="viel" HEIGHT="21" WIDTH="37" VPOS="383" HPOS="461" WC="0.93" STYLEREFS="font1"/>
              <String ID="word_1_48" CONTENT="succ&#232;s" HEIGHT="22" WIDTH="72" VPOS="382" HPOS="513" WC="0.62" STYLEREFS="font1"/>
              <String ID="word_1_49" CONTENT="employirt" HEIGHT="27" WIDTH="100" VPOS="381" HPOS="601" WC="0.88" STYLEREFS="font1"/>
              <String ID="word_1_50" CONTENT="wurd." HEIGHT="22" WIDTH="58" VPOS="380" HPOS="717" WC="0.96" STYLEREFS="font1"/>
            </TextLine>
          </TextBlock>
          <TextBlock ID="par_1_8" HEIGHT="27" WIDTH="221" VPOS="419" HPOS="228">
            <TextLine ID="line_1_9" HEIGHT="232" WIDTH="NaN" VPOS="-4" HPOS="-0.014">
              <String ID="word_1_51" CONTENT="Sophie:" HEIGHT="27" WIDTH="89" VPOS="419" HPOS="228" WC="0.92" STYLE="bold" STYLEREFS="font1"/>
              <String ID="word_1_52" CONTENT="Mit" HEIGHT="21" WIDTH="42" VPOS="419" HPOS="335" WC="0.96" STYLEREFS="font1"/>
              <String ID="word_1_53" CONTENT="was?" HEIGHT="21" WIDTH="57" VPOS="419" HPOS="392" WC="0.92" STYLEREFS="font1"/>
            </TextLine>
          </TextBlock>
          <TextBlock ID="par_1_9" HEIGHT="170" WIDTH="621" VPOS="449" HPOS="171">
            <TextLine ID="line_1_10" HEIGHT="234" WIDTH="NaN" VPOS="-5" HPOS="-0.007">
              <String ID="word_1_54" CONTENT="Enish&#228;nsel:" HEIGHT="26" WIDTH="138" VPOS="454" HPOS="229" WC="0.9" STYLE="bold" STYLEREFS="font3"/>
              <String ID="word_1_55" CONTENT="Mit" HEIGHT="21" WIDTH="41" VPOS="453" HPOS="384" WC="0.93" STYLEREFS="font3"/>
              <String ID="word_1_56" CONTENT="S&#252;scheschtion." HEIGHT="28" WIDTH="187" VPOS="451" HPOS="441" WC="0.72" STYLEREFS="font3"/>
              <String ID="word_1_57" CONTENT="Versteh" HEIGHT="27" WIDTH="75" VPOS="450" HPOS="654" WC="0.96" STYLEREFS="font3"/>
              <String ID="word_1_58" CONTENT="mich" HEIGHT="27" WIDTH="45" VPOS="449" HPOS="745" WC="0.96" STYLEREFS="font3"/>
            </TextLine>
            <TextLine ID="line_1_11" HEIGHT="176" WIDTH="NaN" VPOS="-5" HPOS="-0.008">
              <String ID="word_1_59" CONTENT="erecht," HEIGHT="27" WIDTH="63" VPOS="489" HPOS="171" WC="0.85" STYLEREFS="font2"/>
              <String ID="word_1_60" CONTENT="mit" HEIGHT="21" WIDTH="35" VPOS="490" HPOS="249" WC="0.93" STYLEREFS="font2"/>
              <String ID="word_1_61" CONTENT="S&#252;scheschtion." HEIGHT="27" WIDTH="142" VPOS="488" HPOS="299" WC="0.9" STYLEREFS="font2"/>
              <String ID="word_1_62" CONTENT="M'r" HEIGHT="21" WIDTH="53" VPOS="487" HPOS="457" WC="0.93" STYLEREFS="font2"/>
              <String ID="word_1_63" CONTENT="m&#252;e&#223;" HEIGHT="25" WIDTH="67" VPOS="486" HPOS="526" WC="0.92" STYLEREFS="font2"/>
              <String ID="word_1_64" CONTENT="em" HEIGHT="15" WIDTH="33" VPOS="492" HPOS="609" WC="0.96" STYLEREFS="font2"/>
              <String ID="word_1_65" CONTENT="so" HEIGHT="26" WIDTH="22" VPOS="485" HPOS="657" WC="0.96" STYLEREFS="font2"/>
              <String ID="word_1_66" CONTENT="lang" HEIGHT="27" WIDTH="58" VPOS="485" HPOS="696" WC="0.96" STYLEREFS="font2"/>
              <String ID="word_1_67" CONTENT="ze" HEIGHT="21" WIDTH="22" VPOS="491" HPOS="770" WC="0.96" STYLEREFS="font2"/>
            </TextLine>
            <TextLine ID="line_1_12" HEIGHT="176" WIDTH="NaN" VPOS="-4" HPOS="-0.008">
              <String ID="word_1_68" CONTENT="bewiese" HEIGHT="26" WIDTH="100" VPOS="524" HPOS="172" WC="0.92" STYLEREFS="font2"/>
              <String ID="word_1_69" CONTENT="s&#252;eche," HEIGHT="28" WIDTH="86" VPOS="522" HPOS="287" WC="0.84" STYLEREFS="font2"/>
              <String ID="word_1_70" CONTENT="da&#223;" HEIGHT="26" WIDTH="45" VPOS="522" HPOS="394" WC="0.96" STYLEREFS="font2"/>
              <String ID="word_1_71" CONTENT="dis," HEIGHT="24" WIDTH="50" VPOS="522" HPOS="458" WC="0.96" STYLEREFS="font2"/>
              <String ID="word_1_72" CONTENT="was" HEIGHT="17" WIDTH="51" VPOS="525" HPOS="524" WC="0.96" STYLEREFS="font2"/>
              <String ID="word_1_73" CONTENT="er" HEIGHT="15" WIDTH="23" VPOS="527" HPOS="595" WC="0.96" STYLEREFS="font2"/>
              <String ID="word_1_74" CONTENT="glaubt," HEIGHT="28" WIDTH="100" VPOS="520" HPOS="634" WC="0.93" STYLEREFS="font2"/>
              <String ID="word_1_75" CONTENT="un-" HEIGHT="15" WIDTH="43" VPOS="526" HPOS="749" WC="0.91" STYLEREFS="font2"/>
            </TextLine>
            <TextLine ID="line_1_13" HEIGHT="177" WIDTH="NaN" VPOS="-5" HPOS="-0.008">
              <String ID="word_1_76" CONTENT="m&#246;ijli" HEIGHT="26" WIDTH="76" VPOS="560" HPOS="172" WC="0.89" STYLEREFS="font2"/>
              <String ID="word_1_77" CONTENT="isch," HEIGHT="26" WIDTH="49" VPOS="558" HPOS="263" WC="0.92" STYLEREFS="font2"/>
              <String ID="word_1_78" CONTENT="bis" HEIGHT="22" WIDTH="31" VPOS="557" HPOS="327" WC="0.92" STYLEREFS="font2"/>
              <String ID="word_1_79" CONTENT="'r" HEIGHT="21" WIDTH="15" VPOS="557" HPOS="375" WC="0.92" STYLEREFS="font2"/>
              <String ID="word_1_80" CONTENT="gen&#252;e" HEIGHT="27" WIDTH="58" VPOS="557" HPOS="406" WC="0.87" STYLEREFS="font2"/>
              <String ID="word_1_81" CONTENT="Milichsupp" HEIGHT="28" WIDTH="113" VPOS="555" HPOS="475" WC="0.92" STYLEREFS="font2"/>
              <String ID="word_1_82" CONTENT="het," HEIGHT="26" WIDTH="35" VPOS="556" HPOS="600" WC="0.96" STYLEREFS="font2"/>
              <String ID="word_1_83" CONTENT="dis" HEIGHT="21" WIDTH="30" VPOS="555" HPOS="651" WC="0.96" STYLEREFS="font2"/>
              <String ID="word_1_84" CONTENT="hei&#223;t," HEIGHT="27" WIDTH="56" VPOS="555" HPOS="693" WC="0.96" STYLEREFS="font2"/>
              <String ID="word_1_85" CONTENT="bis" HEIGHT="22" WIDTH="31" VPOS="554" HPOS="761" WC="0.96" STYLEREFS="font2"/>
            </TextLine>
            <TextLine ID="line_1_14" HEIGHT="177" WIDTH="NaN" VPOS="-4" HPOS="-0.008">
              <String ID="word_1_86" CONTENT="&#8217;r" HEIGHT="20" WIDTH="15" VPOS="595" HPOS="173" WC="0.68" STYLEREFS="font1"/>
              <String ID="word_1_87" CONTENT="vun" HEIGHT="15" WIDTH="36" VPOS="600" HPOS="196" WC="0.91" STYLEREFS="font1"/>
              <String ID="word_1_88" CONTENT="selbsch" HEIGHT="27" WIDTH="61" VPOS="592" HPOS="238" WC="0.8" STYLEREFS="font1"/>
              <String ID="word_1_89" CONTENT="druff" HEIGHT="26" WIDTH="50" VPOS="592" HPOS="305" WC="0.96" STYLEREFS="font1"/>
              <String ID="word_1_90" CONTENT="kummt," HEIGHT="24" WIDTH="75" VPOS="591" HPOS="361" WC="0.55" STYLEREFS="font1"/>
              <String ID="word_1_91" CONTENT="da&#223;" HEIGHT="26" WIDTH="36" VPOS="590" HPOS="447" WC="0.91" STYLEREFS="font1"/>
              <String ID="word_1_92" CONTENT="'r" HEIGHT="21" WIDTH="16" VPOS="591" HPOS="495" WC="0.69" STYLEREFS="font1"/>
              <String ID="word_1_93" CONTENT="sich" HEIGHT="27" WIDTH="32" VPOS="590" HPOS="516" WC="0.94" STYLEREFS="font1"/>
              <String ID="word_1_94" CONTENT="blos" HEIGHT="21" WIDTH="42" VPOS="590" HPOS="557" WC="0.93" STYLEREFS="font1"/>
              <String ID="word_1_95" CONTENT="ebbs" HEIGHT="21" WIDTH="46" VPOS="590" HPOS="608" WC="0.92" STYLEREFS="font1"/>
              <String ID="word_1_96" CONTENT="ingebild" HEIGHT="28" WIDTH="82" VPOS="589" HPOS="663" WC="0.91" STYLEREFS="font1"/>
              <String ID="word_1_97" CONTENT="het." HEIGHT="27" WIDTH="35" VPOS="589" HPOS="756" WC="0.96" STYLEREFS="font1"/>
            </TextLine>
          </TextBlock>
          <TextBlock ID="par_1_10" HEIGHT="67" WIDTH="618" VPOS="623" HPOS="173">
            <TextLine ID="line_1_15" HEIGHT="234" WIDTH="NaN" VPOS="-5" HPOS="-0.009">
              <String ID="word_1_98" CONTENT="Sophie:" HEIGHT="27" WIDTH="89" VPOS="627" HPOS="229" WC="0.95" STYLE="bold" STYLEREFS="font4"/>
              <String ID="word_1_99" CONTENT="Ze" HEIGHT="27" WIDTH="27" VPOS="627" HPOS="338" WC="0.95" STYLEREFS="font4"/>
              <String ID="word_1_100" CONTENT="bitt" HEIGHT="22" WIDTH="34" VPOS="625" HPOS="385" WC="0.95" STYLEREFS="font4"/>
              <String ID="word_1_101" CONTENT="ich" HEIGHT="28" WIDTH="25" VPOS="625" HPOS="434" WC="0.71" STYLEREFS="font4"/>
              <String ID="word_1_102" CONTENT="dich," HEIGHT="27" WIDTH="48" VPOS="625" HPOS="475" WC="0.92" STYLEREFS="font4"/>
              <String ID="word_1_103" CONTENT="dh&#252;e" HEIGHT="27" WIDTH="47" VPOS="625" HPOS="543" WC="0.91" STYLEREFS="font4"/>
              <String ID="word_1_104" CONTENT="was" HEIGHT="17" WIDTH="41" VPOS="629" HPOS="610" WC="0.96" STYLEREFS="font4"/>
              <String ID="word_1_105" CONTENT="de" HEIGHT="21" WIDTH="21" VPOS="624" HPOS="671" WC="0.92" STYLEREFS="font4"/>
              <String ID="word_1_106" CONTENT="kannsch." HEIGHT="28" WIDTH="79" VPOS="623" HPOS="712" WC="0.87" STYLEREFS="font4"/>
            </TextLine>
            <TextLine ID="line_1_16" HEIGHT="178" WIDTH="NaN" VPOS="-5" HPOS="-0.015">
              <String ID="word_1_107" CONTENT="Unser" HEIGHT="26" WIDTH="58" VPOS="663" HPOS="173" WC="0.96" STYLEREFS="font4"/>
              <String ID="word_1_108" CONTENT="Herrgott" HEIGHT="27" WIDTH="87" VPOS="663" HPOS="247" WC="0.95" STYLEREFS="font4"/>
              <String ID="word_1_109" CONTENT="wurd" HEIGHT="21" WIDTH="52" VPOS="662" HPOS="349" WC="0.93" STYLEREFS="font4"/>
              <String ID="word_1_110" CONTENT="d&#8217;r&#8217;s" HEIGHT="20" WIDTH="47" VPOS="662" HPOS="417" WC="0.64" STYLEREFS="font4"/>
              <String ID="word_1_111" CONTENT="vergelte" HEIGHT="28" WIDTH="92" VPOS="660" HPOS="480" WC="0.86" STYLEREFS="font4"/>
              <String ID="word_1_112" CONTENT="!" HEIGHT="38" WIDTH="10" VPOS="656" HPOS="568" WC="0.92" STYLEREFS="font4"/>
              <String ID="word_1_113" CONTENT="(Sie" HEIGHT="16" WIDTH="34" VPOS="664" HPOS="587" WC="0.96" STYLEREFS="font4"/>
              <String ID="word_1_114" CONTENT="will" HEIGHT="15" WIDTH="29" VPOS="664" HPOS="630" WC="0.8" STYLEREFS="font4"/>
              <String ID="word_1_115" CONTENT="gehen.)" HEIGHT="18" WIDTH="51" VPOS="664" HPOS="669" WC="0.96" STYLEREFS="font4"/>
            </TextLine>
          </TextBlock>
          <TextBlock ID="par_1_11" HEIGHT="62" WIDTH="620" VPOS="693" HPOS="173">
            <TextLine ID="line_1_17" HEIGHT="234" WIDTH="NaN" VPOS="-4" HPOS="-0.009">
              <String ID="word_1_116" CONTENT="Enish&#228;nsel" HEIGHT="26" WIDTH="128" VPOS="697" HPOS="230" WC="0.9" STYLE="bold" STYLEREFS="font2"/>
              <String ID="word_1_117" CONTENT="(ihr" HEIGHT="17" WIDTH="27" VPOS="701" HPOS="374" WC="0.93" STYLEREFS="font2"/>
              <String ID="word_1_118" CONTENT="nachrufend):" HEIGHT="17" WIDTH="96" VPOS="700" HPOS="410" WC="0.69" STYLEREFS="font2"/>
              <String ID="word_1_119" CONTENT="Was" HEIGHT="22" WIDTH="50" VPOS="695" HPOS="524" WC="0.95" STYLEREFS="font2"/>
              <String ID="word_1_120" CONTENT="het" HEIGHT="26" WIDTH="28" VPOS="695" HPOS="591" WC="0.92" STYLEREFS="font2"/>
              <String ID="word_1_121" CONTENT="'r" HEIGHT="20" WIDTH="16" VPOS="695" HPOS="632" WC="0.89" STYLEREFS="font2"/>
              <String ID="word_1_122" CONTENT="for" HEIGHT="27" WIDTH="30" VPOS="694" HPOS="663" WC="0.93" STYLEREFS="font2"/>
              <String ID="word_1_123" CONTENT="e-n-id&#233;e" HEIGHT="22" WIDTH="85" VPOS="693" HPOS="708" WC="0.83" STYLEREFS="font2"/>
            </TextLine>
            <TextLine ID="line_1_18" HEIGHT="173" WIDTH="NaN" VPOS="0" HPOS="-0.035">
              <String ID="word_1_124" CONTENT="fixe?" HEIGHT="22" WIDTH="57" VPOS="733" HPOS="173" WC="0.9" STYLEREFS="font5"/>
            </TextLine>
          </TextBlock>
          <TextBlock ID="par_1_12" HEIGHT="55" WIDTH="619" VPOS="763" HPOS="174">
            <TextLine ID="line_1_19" HEIGHT="234" WIDTH="NaN" VPOS="-4" HPOS="-0.009">
              <String ID="word_1_125" CONTENT="Sophie:" HEIGHT="26" WIDTH="88" VPOS="767" HPOS="230" WC="0.95" STYLE="bold" STYLEREFS="font1"/>
              <String ID="word_1_126" CONTENT="Er" HEIGHT="22" WIDTH="27" VPOS="766" HPOS="336" WC="0.96" STYLEREFS="font1"/>
              <String ID="word_1_127" CONTENT="meint," HEIGHT="24" WIDTH="65" VPOS="766" HPOS="373" WC="0.96" STYLEREFS="font1"/>
              <String ID="word_1_128" CONTENT="da&#223;" HEIGHT="25" WIDTH="35" VPOS="765" HPOS="454" WC="0.92" STYLEREFS="font1"/>
              <String ID="word_1_129" CONTENT="m'r" HEIGHT="21" WIDTH="35" VPOS="765" HPOS="506" WC="0.92" STYLEREFS="font1"/>
              <String ID="word_1_130" CONTENT="alli" HEIGHT="22" WIDTH="33" VPOS="764" HPOS="552" WC="0.93" STYLEREFS="font1"/>
              <String ID="word_1_131" CONTENT="Brieder" HEIGHT="23" WIDTH="80" VPOS="763" HPOS="596" WC="0.92" STYLEREFS="font1"/>
              <String ID="word_1_132" CONTENT="sin." HEIGHT="25" WIDTH="33" VPOS="763" HPOS="691" WC="0.93" STYLEREFS="font1"/>
              <String ID="word_1_133" CONTENT="(Nach" HEIGHT="16" WIDTH="47" VPOS="768" HPOS="746" WC="0.38" STYLEREFS="font1"/>
            </TextLine>
            <TextLine ID="line_1_20" HEIGHT="176" WIDTH="NaN" VPOS="-2" HPOS="-0.014">
              <String ID="word_1_134" CONTENT="links" HEIGHT="14" WIDTH="36" VPOS="802" HPOS="174" WC="0.65" STYLEREFS="font6"/>
              <String ID="word_1_135" CONTENT="ab.)" HEIGHT="16" WIDTH="27" VPOS="802" HPOS="220" WC="0.95" STYLEREFS="font6"/>
            </TextLine>
          </TextBlock>
          <TextBlock ID="par_1_13" HEIGHT="67" WIDTH="621" VPOS="820" HPOS="173">
            <TextLine ID="line_1_21" HEIGHT="235" WIDTH="NaN" VPOS="-4" HPOS="-0.011">
              <String ID="word_1_136" CONTENT="Enish&#228;nsel" HEIGHT="28" WIDTH="137" VPOS="824" HPOS="231" WC="0.88" STYLE="bold" STYLEREFS="font1"/>
              <String ID="word_1_137" CONTENT=":" HEIGHT="40" WIDTH="11" VPOS="816" HPOS="369" WC="0.88" STYLEREFS="font1"/>
              <String ID="word_1_138" CONTENT="So" HEIGHT="22" WIDTH="31" VPOS="824" HPOS="386" WC="0.96" STYLEREFS="font1"/>
              <String ID="word_1_139" CONTENT="e" HEIGHT="15" WIDTH="9" VPOS="830" HPOS="433" WC="0.91" STYLEREFS="font1"/>
              <String ID="word_1_140" CONTENT="Verrucktheit!" HEIGHT="26" WIDTH="137" VPOS="822" HPOS="457" WC="0.79" STYLEREFS="font1"/>
              <String ID="word_1_141" CONTENT="&#8212;" HEIGHT="1" WIDTH="22" VPOS="835" HPOS="610" WC="0.9" STYLE="italics" STYLEREFS="font1"/>
              <String ID="word_1_142" CONTENT="&#8212;" HEIGHT="2" WIDTH="23" VPOS="834" HPOS="646" WC="0.91" STYLEREFS="font1"/>
              <String ID="word_1_143" CONTENT="Dis" HEIGHT="22" WIDTH="41" VPOS="822" HPOS="687" WC="0.96" STYLEREFS="font1"/>
              <String ID="word_1_144" CONTENT="welle" HEIGHT="22" WIDTH="51" VPOS="820" HPOS="743" WC="0.96" STYLEREFS="font1"/>
            </TextLine>
            <TextLine ID="line_1_22" HEIGHT="178" WIDTH="NaN" VPOS="-5" HPOS="-0.01">
              <String ID="word_1_145" CONTENT="m'r" HEIGHT="21" WIDTH="37" VPOS="861" HPOS="173" WC="0.88" STYLEREFS="font2"/>
              <String ID="word_1_146" CONTENT="im" HEIGHT="20" WIDTH="26" VPOS="861" HPOS="225" WC="0.95" STYLEREFS="font2"/>
              <String ID="word_1_147" CONTENT="schun" HEIGHT="27" WIDTH="50" VPOS="860" HPOS="267" WC="0.89" STYLEREFS="font2"/>
              <String ID="word_1_148" CONTENT="&#252;sredde." HEIGHT="22" WIDTH="109" VPOS="859" HPOS="333" WC="0.87" STYLEREFS="font2"/>
              <String ID="word_1_149" CONTENT="Do" HEIGHT="22" WIDTH="31" VPOS="858" HPOS="474" WC="0.96" STYLEREFS="font2"/>
              <String ID="word_1_150" CONTENT="kummt" HEIGHT="22" WIDTH="68" VPOS="857" HPOS="521" WC="0.92" STYLEREFS="font2"/>
              <String ID="word_1_151" CONTENT="'r" HEIGHT="21" WIDTH="15" VPOS="857" HPOS="606" WC="0.75" STYLEREFS="font2"/>
              <String ID="word_1_152" CONTENT="grad." HEIGHT="27" WIDTH="52" VPOS="857" HPOS="637" WC="0.91" STYLEREFS="font2"/>
            </TextLine>
          </TextBlock>
        </ComposedBlock>
        <ComposedBlock ID="carea_1_6" HEIGHT="308" WIDTH="622" VPOS="940" HPOS="175">
          <TextBlock ID="par_1_14" HEIGHT="25" WIDTH="139" VPOS="940" HPOS="419">
            <TextLine ID="line_1_23" HEIGHT="420" WIDTH="NaN" VPOS="-1" HPOS="-0.007">
              <String ID="word_1_153" CONTENT="13." HEIGHT="22" WIDTH="37" VPOS="942" HPOS="419" WC="0.92" STYLEREFS="font7"/>
              <String ID="word_1_154" CONTENT="Scene." HEIGHT="25" WIDTH="81" VPOS="940" HPOS="477" WC="0.95" STYLEREFS="font7"/>
            </TextLine>
          </TextBlock>
          <TextBlock ID="par_1_21" HEIGHT="23" WIDTH="233" VPOS="996" HPOS="366">
            <TextLine ID="line_1_24" HEIGHT="368" WIDTH="NaN" VPOS="-2" HPOS="-0.013">
              <String ID="word_1_155" CONTENT="Anatole," HEIGHT="19" WIDTH="94" VPOS="999" HPOS="366" WC="0.93" STYLEREFS="font8"/>
              <String ID="word_1_156" CONTENT="Enishh&#228;nsel." HEIGHT="23" WIDTH="126" VPOS="996" HPOS="473" WC="0.78" STYLEREFS="font8"/>
            </TextLine>
          </TextBlock>
          <TextBlock ID="par_1_15" HEIGHT="202" WIDTH="622" VPOS="1046" HPOS="175">
            <TextLine ID="line_1_25" HEIGHT="236" WIDTH="NaN" VPOS="-3" HPOS="-0.011">
              <String ID="word_1_157" CONTENT="Anatole" HEIGHT="22" WIDTH="93" VPOS="1047" HPOS="233" WC="0.96" STYLE="bold" STYLEREFS="font9"/>
              <String ID="word_1_158" CONTENT="(bemerkt" HEIGHT="17" WIDTH="63" VPOS="1051" HPOS="339" WC="0.85" STYLEREFS="font9"/>
              <String ID="word_1_159" CONTENT="Enish&#228;nsel" HEIGHT="18" WIDTH="82" VPOS="1049" HPOS="412" WC="0.8" STYLEREFS="font9"/>
              <String ID="word_1_160" CONTENT="nicht," HEIGHT="17" WIDTH="38" VPOS="1049" HPOS="504" WC="0.96" STYLEREFS="font9"/>
              <String ID="word_1_161" CONTENT="der" HEIGHT="14" WIDTH="22" VPOS="1049" HPOS="552" WC="0.95" STYLEREFS="font9"/>
              <String ID="word_1_162" CONTENT="etwas" HEIGHT="13" WIDTH="44" VPOS="1049" HPOS="586" WC="0.93" STYLEREFS="font9"/>
              <String ID="word_1_163" CONTENT="zur&#252;cktritt," HEIGHT="17" WIDTH="82" VPOS="1047" HPOS="642" WC="0.74" STYLEREFS="font9"/>
              <String ID="word_1_164" CONTENT="um" HEIGHT="10" WIDTH="23" VPOS="1050" HPOS="737" WC="0.96" STYLEREFS="font9"/>
              <String ID="word_1_165" CONTENT="ihn" HEIGHT="17" WIDTH="23" VPOS="1046" HPOS="773" WC="0.96" STYLEREFS="font9"/>
            </TextLine>
            <TextLine ID="line_1_26" HEIGHT="175" WIDTH="NaN" VPOS="0" HPOS="-0.011">
              <String ID="word_1_166" CONTENT="zu" HEIGHT="13" WIDTH="16" VPOS="1091" HPOS="175" WC="0.95" STYLEREFS="font10"/>
              <String ID="word_1_167" CONTENT="beobachten," HEIGHT="16" WIDTH="83" VPOS="1088" HPOS="205" WC="0.86" STYLEREFS="font10"/>
              <String ID="word_1_168" CONTENT="weinerlich)" HEIGHT="17" WIDTH="92" VPOS="1085" HPOS="299" WC="0.77" STYLEREFS="font10"/>
              <String ID="word_1_169" CONTENT=":" HEIGHT="38" WIDTH="13" VPOS="1071" HPOS="391" WC="0.87" STYLEREFS="font10"/>
              <String ID="word_1_170" CONTENT="O" HEIGHT="22" WIDTH="9" VPOS="1080" HPOS="418" WC="0.93" STYLEREFS="font10"/>
              <String ID="word_1_171" CONTENT="Gasladern!" HEIGHT="23" WIDTH="122" VPOS="1079" HPOS="439" WC="0.77" STYLEREFS="font10"/>
              <String ID="word_1_172" CONTENT="Wenn" HEIGHT="22" WIDTH="64" VPOS="1079" HPOS="577" WC="0.96" STYLEREFS="font10"/>
              <String ID="word_1_173" CONTENT="ich's" HEIGHT="27" WIDTH="43" VPOS="1077" HPOS="652" WC="0.96" STYLEREFS="font10"/>
              <String ID="word_1_174" CONTENT="nur" HEIGHT="15" WIDTH="37" VPOS="1083" HPOS="706" WC="0.96" STYLEREFS="font10"/>
              <String ID="word_1_175" CONTENT="noch" HEIGHT="27" WIDTH="42" VPOS="1075" HPOS="754" WC="0.75" STYLEREFS="font10"/>
            </TextLine>
            <TextLine ID="line_1_27" HEIGHT="179" WIDTH="NaN" VPOS="-4" HPOS="-0.011">
              <String ID="word_1_176" CONTENT="meischtere" HEIGHT="26" WIDTH="101" VPOS="1117" HPOS="175" WC="0.92" STYLEREFS="font2"/>
              <String ID="word_1_177" CONTENT="kann" HEIGHT="23" WIDTH="47" VPOS="1115" HPOS="291" WC="0.92" STYLEREFS="font2"/>
              <String ID="word_1_178" CONTENT="..." HEIGHT="4" WIDTH="38" VPOS="1132" HPOS="349" WC="0.84" STYLEREFS="font2"/>
              <String ID="word_1_180" CONTENT="ich" HEIGHT="27" WIDTH="24" VPOS="1114" HPOS="404" WC="0.92" STYLEREFS="font2"/>
              <String ID="word_1_181" CONTENT="fircht" HEIGHT="27" WIDTH="53" VPOS="1114" HPOS="449" WC="0.85" STYLEREFS="font2"/>
              <String ID="word_1_182" CONTENT="fascht," HEIGHT="28" WIDTH="61" VPOS="1113" HPOS="516" WC="0.9" STYLEREFS="font2"/>
              <String ID="word_1_183" CONTENT="ich" HEIGHT="27" WIDTH="24" VPOS="1113" HPOS="593" WC="0.65" STYLEREFS="font2"/>
              <String ID="word_1_184" CONTENT="bring's" HEIGHT="27" WIDTH="73" VPOS="1112" HPOS="635" WC="0.92" STYLEREFS="font2"/>
              <String ID="word_1_185" CONTENT="nimmi" HEIGHT="22" WIDTH="69" VPOS="1111" HPOS="728" WC="0.91" STYLEREFS="font2"/>
            </TextLine>
            <TextLine ID="line_1_28" HEIGHT="181" WIDTH="NaN" VPOS="-5" HPOS="-0.013">
              <String ID="word_1_186" CONTENT="hin." HEIGHT="26" WIDTH="38" VPOS="1153" HPOS="176" WC="0.95" STYLEREFS="font10"/>
              <String ID="word_1_187" CONTENT="Also" HEIGHT="25" WIDTH="44" VPOS="1152" HPOS="237" WC="0.95" STYLEREFS="font10"/>
              <String ID="word_1_188" CONTENT="noch" HEIGHT="27" WIDTH="43" VPOS="1151" HPOS="297" WC="0.91" STYLEREFS="font10"/>
              <String ID="word_1_189" CONTENT="emol." HEIGHT="22" WIDTH="54" VPOS="1150" HPOS="356" WC="0.96" STYLEREFS="font10"/>
              <String ID="word_1_190" CONTENT="&#8222;Wir" HEIGHT="26" WIDTH="57" VPOS="1149" HPOS="438" WC="0.96" STYLEREFS="font10"/>
              <String ID="word_1_191" CONTENT="sind" HEIGHT="27" WIDTH="39" VPOS="1148" HPOS="510" WC="0.95" STYLEREFS="font10"/>
              <String ID="word_1_192" CONTENT="alle" HEIGHT="23" WIDTH="35" VPOS="1147" HPOS="565" WC="0.96" STYLEREFS="font10"/>
              <String ID="word_1_193" CONTENT="umschlungen" HEIGHT="28" WIDTH="130" VPOS="1146" HPOS="615" WC="0.93" STYLEREFS="font10"/>
              <String ID="word_1_194" CONTENT="von" HEIGHT="15" WIDTH="37" VPOS="1152" HPOS="760" WC="0.96" STYLEREFS="font10"/>
            </TextLine>
            <TextLine ID="line_1_29" HEIGHT="182" WIDTH="NaN" VPOS="-6" HPOS="-0.013">
              <String ID="word_1_195" CONTENT="dem" HEIGHT="22" WIDTH="41" VPOS="1187" HPOS="176" WC="0.86" STYLEREFS="font1"/>
              <String ID="word_1_196" CONTENT="gemeinsamen" HEIGHT="29" WIDTH="134" VPOS="1186" HPOS="237" WC="0.95" STYLEREFS="font1"/>
              <String ID="word_1_197" CONTENT="Bande" HEIGHT="22" WIDTH="68" VPOS="1185" HPOS="394" WC="0.96" STYLEREFS="font1"/>
              <String ID="word_1_198" CONTENT="der" HEIGHT="22" WIDTH="32" VPOS="1184" HPOS="481" WC="0.95" STYLEREFS="font1"/>
              <String ID="word_1_199" CONTENT="Freude" HEIGHT="28" WIDTH="72" VPOS="1183" HPOS="532" WC="0.95" STYLEREFS="font1"/>
              <String ID="word_1_200" CONTENT="und" HEIGHT="20" WIDTH="37" VPOS="1183" HPOS="625" WC="0.95" STYLEREFS="font1"/>
              <String ID="word_1_201" CONTENT="Liebschaft&#8220;" HEIGHT="27" WIDTH="113" VPOS="1180" HPOS="682" WC="0.94" STYLEREFS="font1"/>
            </TextLine>
            <TextLine ID="line_1_30" HEIGHT="180" WIDTH="NaN" VPOS="-4" HPOS="-0.013">
              <String ID="word_1_202" CONTENT="will" HEIGHT="22" WIDTH="39" VPOS="1222" HPOS="176" WC="0.95" STYLEREFS="font10"/>
              <String ID="word_1_203" CONTENT="ich" HEIGHT="27" WIDTH="25" VPOS="1221" HPOS="230" WC="0.89" STYLEREFS="font10"/>
              <String ID="word_1_204" CONTENT="saaue" HEIGHT="26" WIDTH="54" VPOS="1221" HPOS="271" WC="0.9" STYLEREFS="font10"/>
              <String ID="word_1_205" CONTENT="&#8222;der" HEIGHT="26" WIDTH="44" VPOS="1220" HPOS="342" WC="0.96" STYLEREFS="font10"/>
              <String ID="word_1_206" CONTENT="Liebe" HEIGHT="22" WIDTH="55" VPOS="1219" HPOS="411" WC="0.96" STYLEREFS="font10"/>
              <String ID="word_1_207" CONTENT="und" HEIGHT="21" WIDTH="38" VPOS="1219" HPOS="480" WC="0.96" STYLEREFS="font10"/>
              <String ID="word_1_208" CONTENT="Freundschaft." HEIGHT="30" WIDTH="136" VPOS="1216" HPOS="533" WC="0.96" STYLEREFS="font10"/>
              <String ID="word_1_209" CONTENT="Wir" HEIGHT="22" WIDTH="44" VPOS="1216" HPOS="690" WC="0.96" STYLEREFS="font10"/>
              <String ID="word_1_210" CONTENT="sind" HEIGHT="26" WIDTH="38" VPOS="1215" HPOS="759" WC="0.96" STYLEREFS="font10"/>
            </TextLine>
          </TextBlock>
        </ComposedBlock>
      </PrintSpace>
    </Page>
  </Layout>
</alto>
