1 1
488 202 24 4 —
541 192 72 18 18
590 179 26 37 —

185 244 140 20 NERVICH
316 238 12 35 :
337 244 79 19 Dokter
426 243 106 20 Nervich
524 238 12 35 !
544 243 62 19 Fraid
617 244 60 25 mich,
689 244 34 20 Sie
734 242 69 22 kenne
812 249 22 14 ze
844 244 55 19 lehre
909 245 4 18 !

242 273 52 23 (Fur
306 272 69 28 sich):
392 272 45 28 Wie
450 272 61 29 wurd
526 272 119 27 d’Antwort
659 272 106 19 üssfalle
753 267 15 38 ?

185 305 92 20 NARR
266 301 15 38 :
286 305 47 21 Sie
348 305 54 19 hann
418 306 38 29 mir
467 297 110 32 g'schriwe
583 317 33 7 ...
631 305 64 25 (Zeijt
709 305 27 19 de
750 292 83 37 Brief.)

184 332 118 26 NERVICH
319 346 4 12 :
348 338 85 26 Gewiss,
451 339 104 19 Monsieur
573 339 113 23 Brummer,
705 345 44 13 unn
764 339 33 20 ich
813 338 51 25 hoff,
880 344 35 14 ass

243 367 34 19 Sie
291 367 39 19 mir
344 367 55 19 kenn
413 355 70 32 Absaa
497 366 87 25 bringe
575 362 13 33 !

185 400 79 20 NARR
274 402 45 24 (fur
328 401 61 25 sich):
400 400 68 20 Wenn
477 401 33 19 ich
521 406 84 14 numme
616 401 65 19 schun
692 400 74 19 drüsse
776 383 50 37 wär!
838 403 76 22 (Lütt):

242 430 52 19 Herr
312 429 87 25 Dokter,
423 430 56 19 halte
497 429 35 20 Sie
550 429 54 20 mich
619 430 34 20 fur
670 430 107 24 verruckt,
801 434 59 15 wenn
884 429 32 20 ich

242 457 65 19 Ihnne
322 458 58 23 myni
394 443 90 43 Dochter
498 457 50 25 gibb
558 457 10 20 ?

187 490 139 20 NERVICH
319 486 13 34 :
348 491 61 19 Awer
421 497 54 19 ganz
490 497 42 13 unn
546 496 38 19 gar
598 491 47 19 nitt.

186 524 78 20 NARR
277 525 106 23 (vergesst
396 525 68 24 sich):
478 524 113 20 Tahitata
581 519 14 34 !

188 557 137 20 NERVICH.:
340 557 46 20 Wie
400 558 66 19 meine
481 557 47 20 Sie
518 553 12 34 !

189 591 89 24 NARR
270 587 12 35 :
300 591 55 20 Ich?
369 591 34 20 Ich
419 592 53 19 habb
487 592 37 19 nix
538 591 83 25 g’saat!
637 603 26 2 —
678 591 52 20 Also
745 593 57 23 guet,
818 591 33 20 Sie
863 591 54 27 solle

243 619 57 26 myni
316 619 91 22 Dochter
420 620 55 20 hann
486 620 4 20 !

189 653 121 22 NERVICH
328 654 157 25 (umarmt’ne):
502 654 69 24 Merci,
576 653 82 22 liewer
672 653 189 25 Schwejerbabbe
850 649 15 34 !

189 686 89 20 NARR
270 682 13 34 :
298 687 69 19 Schun
385 688 65 24 guet!
467 687 36 19 D'r
520 686 66 19 Kinni
601 692 43 14 vun
662 687 56 19 Siam
736 686 57 42 kann
811 687 44 19 sich
874 686 42 20 diss

243 714 101 20 leischte
335 710 12 33 !

188 748 136 20 NERVICH:
338 748 46 20 Wie
396 749 55 19 hann
464 748 33 20 Sie
510 748 92 25 gemeint
612 748 10 19 ?

186 781 92 20 NARR:
298 782 56 19 Ich?
376 782 23 24 O,
412 787 38 19 gar
464 782 50 19 nix!

489 841 34 20 12.
537 841 74 21 Scène.

340 882 39 17 Wie
394 881 57 23 vorig.
480 883 13 16 1.
511 882 98 17 Wärter
627 885 43 19 (vun
690 882 75 20 rächts),

188 932 19 19 1.
222 930 119 22 WÄRTER
356 932 53 25 (mit
423 932 73 25 Brief):
527 932 31 20 Do
573 931 44 20 isch
633 932 105 25 d’Poscht,
755 932 51 19 Herr
821 931 94 20 Dokter!

186 965 139 20 NERVICH
312 956 11 41 :
338 965 16 20 ’s
366 965 43 20 isch
419 966 65 25 guet
479 956 8 41 !
496 966 36 19 Ich
544 960 70 25 mecht
625 971 55 14 awer
691 965 71 19 nimmi
773 965 86 25 g’steert
870 964 46 20 sinn

242 1005 27 3 —
282 994 34 20 d'r
330 994 105 20 Monsieur
450 994 115 24 Brummer,
581 999 50 19 myn
648 992 140 26 zuekinftiger
805 993 112 24 Schwejer-

242 1022 144 20 babbe-n-isch
401 1023 27 25 by
441 1022 54 20 mir!
510 1022 39 25 (Er
563 1021 49 25 zeijt
625 1022 33 23 uff
671 1021 25 21 de
711 1021 71 26 Narr.)

183 1056 24 19 1.
222 1054 132 23 WÄRTER:
376 1056 16 20 ’s
405 1056 43 20 isch
462 1055 67 23 rächt,
538 1055 58 20 Herr
610 1054 94 21 Dokter
698 1050 12 35 !
720 1055 89 26 (Rächts
822 1056 43 25 ab.)

490 1108 34 19 13.
539 1107 74 20 Scène.

430 1148 70 17 Doktor
517 1147 84 17 Nervich.
628 1147 49 20 Narr.

185 1198 92 20 NARR
269 1193 16 33 :
302 1197 47 20 Unn
365 1198 38 19 wie
419 1197 60 20 wär's
492 1197 59 36 jetzt,
566 1202 50 20 myn
633 1198 78 20 Liewer
722 1199 10 19 ?
756 1199 60 19 Hann
832 1198 33 21 Sie
881 1198 36 19 nix

243 1227 33 20 fur
290 1226 38 20 mit
342 1228 120 19 anzestosse
477 1231 28 15 an
520 1225 63 31 so'me
598 1225 124 48 Fraidedaa,
738 1233 32 15 wo
786 1226 32 21 ich
834 1226 33 21 die
881 1226 34 25 Säj

243 1256 31 19 los
285 1255 52 20 bin
328 1250 16 35 ?
