1 1
430 202 32 6 —
482 192 25 22 27
532 203 26 6 —

131 245 122 20 OKTAVIE
269 247 45 23 (fur
329 247 68 24 sich):
415 247 50 19 Was
480 247 49 20 heer
544 248 32 19 ich
592 248 42 19 do!

131 279 174 20 EUPHROSINE
321 280 49 24 (wie
387 281 81 24 vorig):
499 281 28 18 Er
542 281 58 20 kann
615 286 25 15 so
653 281 40 20 lieb
705 264 78 36 sinn!

131 315 123 20 OKTAVIE
270 317 46 23 (fur
331 316 69 25 sich):
418 316 54 20 Kein
490 317 100 24 Zwyefel,
605 317 45 20 diss
666 317 45 19 isch
728 323 57 19 mym
803 311 61 25 beese

186 344 53 21 Paul
254 345 48 25 syni
316 345 51 26 rych
383 345 86 21 Partie
459 340 12 35 !

131 381 175 20 EUPHROSINE
323 382 50 24 (wie
388 382 85 25 vorig):
491 382 18 39 E
527 382 92 20 Stickele
637 382 79 19 Zucker
732 382 82 19 fresst'r
830 382 34 18 fur

186 415 39 20 syn
238 409 64 20 Läwe
315 411 66 24 gern!

131 445 122 20 OKTAVIE
271 446 44 25 (fur
328 446 68 26 sich):
415 446 47 19 Vun
477 446 46 19 dem
539 446 44 19 hett
599 446 38 20 mir
653 446 25 19 de
694 434 52 31 Paul
761 445 53 20 noch
828 435 36 29 nie

187 475 50 20 ebbs
249 475 83 25 g’saat
323 471 12 33 !

131 511 174 20 EUPHROSINE
322 511 49 24 (wie
386 512 85 23 vorig):
489 511 54 19 Kein
561 511 85 19 Mensch
663 511 95 19 weiss’ne
774 516 22 14 so
812 511 52 24 guet

186 545 23 14 ze
223 539 98 20 streichle
334 539 31 19 als
380 539 38 19 wie
432 539 31 18 ich
475 540 4 18 !

131 575 122 21 OKTAVIE
267 576 63 25 (trätt
342 575 71 25 wietig
427 580 53 19 vor;
493 575 66 24 lütt):
574 575 74 21 Doch!
663 574 49 22 Ich
709 570 9 36 !
728 575 52 26 (Fur
793 575 69 26 sich):

186 605 63 19 Trotz
261 605 64 19 allem
336 604 50 26 gibb
400 605 32 19 ich
447 604 24 20 de
485 604 52 20 Paul
550 605 53 19 noch
616 604 40 19 nitt
671 604 45 20 uff
709 600 12 34 !

131 641 189 20 EUPHROSINE:
336 641 52 20 Sie?
404 640 44 21 Wie
464 641 83 19 kumme
562 640 33 21 Sie
609 640 117 25 iwerhaupt
738 640 72 26 dezue,
831 642 33 19 fur

185 669 40 19 mir
241 669 43 20 diss
303 676 22 13 ze
342 675 85 14 saawe
424 671 7 12 ?

131 706 136 21 OKTAVIE:
284 707 75 25 Wyll’r
375 713 62 19 myne
453 707 58 20 isch
503 702 12 35 !

131 742 174 20 EUPHROSINE
325 744 134 24 (uffgerejt):
493 743 33 20 Do
545 744 57 19 heert
620 743 44 19 sich
683 739 182 29 d’Weltg’schicht

186 771 22 19 in
221 771 50 20 acht
283 771 60 20 Bänd
356 772 48 19 uff!
418 772 52 25 (Fur
481 772 70 21 sich):
565 771 58 26 Nein,
638 777 61 19 myne
712 771 90 25 Papegei
813 771 51 26 gibb

186 798 34 21 ich
234 800 41 20 nitt
289 800 63 21 here
343 794 12 34 !
778 821 2 2 .

131 836 137 21 OKTAVIE
258 832 12 35 :
282 837 36 20 Ich
330 837 90 20 habb’ne
433 843 37 14 vor
484 838 65 20 Ihnne
563 838 74 24 g'sähn
648 838 4 19 !

131 873 189 21 EUPHROSINE:
351 874 27 21 Er
394 874 76 20 koscht
484 881 57 14 awer
556 880 49 20 myn
620 874 66 20 Geld!

131 910 123 21 OKTAVIE
272 911 46 25 (fur
334 911 68 26 sich):
421 911 23 25 O,
463 912 33 20 die
516 911 67 21 kaiwe
602 911 158 26 Geldhyroote
754 906 12 36 !
778 911 85 27 (Lütt):

186 939 60 26 Egal,
260 940 33 19 ich
307 940 132 19 bekumm’ne
455 941 53 19 doch
520 942 4 18 !

131 976 189 20 EUPHROSINE
311 972 12 34 :
338 976 59 25 Nein,
416 977 39 21 ich,
474 977 33 20 Sie
525 978 65 19 frechi
606 977 93 20 Person
693 972 12 34 !
717 978 35 19 Ich
770 976 94 21 weiss’ne

172 1010 37 21 ze
223 1004 63 25 fange
297 1005 5 19 !

131 1041 137 20 OKTAVIE:
294 1042 39 19 Unn
358 1042 33 19 ich
407 1044 42 18 au!
466 1043 70 24 (Beidi
553 1044 102 24 uffgerejt
672 1048 42 14 unn
731 1043 134 26 glychzyttig

186 1070 26 19 ab
224 1070 69 19 nooch
304 1069 73 26 links.)

434 1131 33 19 29.
481 1130 76 20 Scène.

359 1175 15 17 1.
389 1175 101 17 Wärter
505 1176 45 21 (vun
564 1175 75 22 rächts).

131 1232 19 19 1.
164 1231 134 21 WÄRTER:
331 1233 52 23 Aha,
405 1233 42 19 diss
468 1233 73 20 Bibbel
559 1234 47 19 hett
622 1234 45 19 sich
687 1233 58 25 myni
765 1232 100 20 Predicht

186 1260 109 26 schynnt’s
310 1260 54 22 doch
377 1268 22 14 ze
414 1261 66 22 Härze
492 1267 111 21 genumme
614 1267 44 14 unn
672 1261 43 21 isch
728 1261 42 20 ab
761 1256 13 37 !
