1 1
465 176 33 17 —
529 173 12 18 8
572 175 34 16 —

282 229 80 22 Cécile:
387 230 31 21 Do
442 229 72 22 wurd's
535 235 49 15 awer
604 228 43 26 noch
668 229 74 25 hewwe,
758 228 89 22 Madam.

223 264 27 22 Er
265 264 40 26 loßt
320 264 118 22 Nieme-n-in
453 264 35 25 sini
504 263 74 22 Stubb.
602 264 27 21 Er
644 262 40 23 will
699 264 28 20 nit
743 262 56 29 gstört
815 263 34 25 sin,

222 299 41 26 saat
279 300 23 25 'r,
317 299 30 27 het
363 299 16 22 'r
394 300 58 28 gsaat.

280 340 90 27 Sophie:
391 341 41 26 Isch
451 341 31 21 dis
497 341 29 22 nit
546 348 4 14 e
566 341 80 26 Kurweh
663 341 35 21 mit
713 340 41 22 dem
770 340 78 22 Mann!

222 375 51 23 Was
289 375 59 28 macht
364 376 17 22 'r
396 376 90 26 wirklich?

280 416 82 22 Cécile:
383 417 31 22 Do
434 417 67 22 drinne
517 417 48 26 lauft
582 417 16 21 'r
614 423 52 15 erum
681 417 35 21 wie
737 423 4 14 e
757 415 56 23 Muck
829 416 19 21 in

222 458 29 15 ere
267 452 84 21 Drumm
367 458 25 15 un
409 451 75 23 babbelt
499 452 35 21 mit
550 451 31 27 sich
598 450 77 27 selbscht.

279 493 90 27 Sophie:
394 493 17 22 's
431 493 53 22 wurd
504 493 37 22 m'r
561 492 38 22 ball
615 492 117 27 unheimlich,
748 499 54 15 wenn
818 492 30 21 dis

222 528 18 26 so
256 528 39 27 fort
310 528 49 28 geht.

280 568 81 23 Cécile:
387 570 27 21 Er
437 569 30 27 het
489 576 45 21 ganz
559 570 16 20 's
597 569 101 27 équilibre
720 568 79 24 verlore,
820 568 28 21 d'r

222 604 94 27 Schinder
331 604 69 22 kummt
415 605 28 21 nit
459 604 52 22 drüs.

279 645 90 27 Sophie:
386 645 46 27 Daß
447 652 19 15 er
477 652 51 15 awer
538 652 25 15 au
574 651 35 22 gar
619 646 29 20 nit
659 645 46 25 saat,
716 649 42 17 was
772 651 20 15 er
807 645 40 26 het!

280 689 80 23 Cécile:
382 689 46 27 Irid
443 689 54 24 ebbs,
512 693 42 18 was
569 689 38 22 m'r
622 689 29 21 nit
670 688 49 27 wisse
740 688 57 27 derfe,
818 688 30 21 dis

221 724 32 27 isch
269 724 48 22 emol
332 724 59 28 sicher.

279 765 91 27 Sophie:
388 766 26 21 Er
430 765 52 22 wurd
498 765 41 28 doch
555 766 29 21 nit
600 765 54 22 krank
669 764 41 27 sin?

279 810 82 22 Cécile:
378 810 27 26 Jo
416 810 127 27 Pfiffedeckel
545 804 13 37 !
559 809 36 27 Ich
610 809 39 22 will
672 816 2 15 e
685 809 101 27 Weddung
797 808 50 26 druff

221 845 68 27 mache,
309 845 36 26 daß
361 845 22 22 do
399 846 36 21 irid
451 852 9 15 e
475 844 126 28 Heimlichkeit
616 844 92 26 d'rhinter
723 843 53 26 steckt.
807 844 40 21 Der

220 881 66 22 Mann
302 881 29 26 het
346 881 39 22 kein
402 880 144 28 Beschäftigung
557 880 49 27 meh.
623 879 34 28 Ich
670 879 54 25 hab's
739 880 18 27 jo
774 879 73 26 allewyl

220 916 61 28 gsaat,
297 916 18 22 's
326 916 32 27 isch
380 923 1 15 e
389 916 113 26 Dummheit
517 915 47 29 gsin,
580 915 59 23 denne
655 915 60 26 schöne
731 915 116 28 Epizierlade

220 957 19 21 ze
253 950 93 28 verkaufe.
370 951 64 22 Wenn
450 951 29 22 d'r
501 951 77 26 Mensch
601 952 33 26 nix
649 958 18 20 ze
690 950 63 27 schaffe
778 951 35 26 het,
828 957 19 20 ze

219 986 54 29 fangt
290 986 16 22 'r
321 987 35 21 mit
371 987 21 22 de
407 986 160 27 Viehheite-n-an.

278 1030 90 27 Sophie:
385 1031 45 22 M'r
445 1030 54 26 sott's
515 1030 56 28 fascht
585 1031 67 21 meine.

278 1074 80 23 Cécile:
380 1075 103 24 Madame,
498 1074 65 22 verlon
584 1074 38 22 Sie
638 1074 32 28 sich
691 1081 37 15 nur
743 1074 30 26 uff
792 1074 53 27 mich.

219 1110 35 27 Ich
276 1109 33 23 bin
329 1117 26 15 au
375 1110 62 28 ghirot
459 1110 47 28 gsin,
528 1116 26 16 un
576 1109 35 28 hab
632 1117 8 15 e
661 1110 66 22 Mann
748 1110 50 28 ghet,
820 1116 26 15 un

219 1152 9 15 e
236 1145 129 26 Dukelmüser,
371 1146 36 22 wie
416 1146 40 22 kein
467 1145 89 29 größerer
565 1145 30 27 uff
607 1146 25 21 'm
644 1146 202 21 Erdsbodde-n-erum-

219 1180 138 29 geloffe-n-isch.
373 1180 35 28 Ich
424 1180 86 28 versicher
520 1181 39 22 Sie
574 1187 58 18 awer,
647 1187 20 15 er
682 1181 30 27 het
725 1180 120 23 könne-n-an-

219 1216 48 27 stelle
277 1220 43 18 was
330 1223 19 15 er
360 1216 74 29 gewöllt
446 1217 36 26 het,
497 1216 33 22 der
540 1216 84 25 Daudel,
635 1215 25 28 ich
672 1216 55 27 hab's
741 1216 104 28 erüskreijt.
