1 1
454 194 29 16 —
520 191 88 19 12
578 178 34 43 —

281 246 88 26 Sophie:
386 247 29 21 De
426 252 55 21 ganze
491 246 45 21 Daa
546 245 33 26 isch
591 246 16 21 'r
617 245 139 27 präoggubiert,
772 246 35 21 wie
819 246 20 20 in

224 280 98 26 Gedanke;
341 287 54 15 wenn
410 281 36 20 m'r
462 280 45 22 ebbs
523 280 46 25 saat,
585 280 32 26 isch
634 280 15 21 'r
668 279 44 28 glich
733 280 104 23 owwenüs;

219 315 43 22 ball
281 316 72 21 rümort
373 316 15 20 'r
404 316 33 20 wie
452 315 44 21 wild
512 315 19 21 in
547 315 57 25 sinere
619 314 67 22 Stubb
702 320 52 15 erum
770 327 25 2 —
813 327 24 2 —

223 357 26 14 un
264 349 39 22 ball
318 349 33 27 sitzt
368 350 15 21 'r
398 350 68 21 widder
481 349 29 24 do,
526 356 25 14 un
567 350 79 26 grüwelt
661 356 25 14 un
702 348 80 26 simlirt
777 344 9 36 .
796 366 3 3 .
813 366 3 3 .
834 366 4 3 .

281 389 137 26 Enishänsel:
434 390 43 26 Oh!
494 390 32 25 oh!
544 389 31 26 oh!
592 390 31 25 oh!

281 429 79 23 Cécile:
381 430 29 26 Ja
427 430 48 26 Herr
494 429 118 26 Enishänsel,
632 429 58 21 denne
709 429 66 21 Mann
795 429 44 25 sotte

224 465 38 21 Sie
277 464 52 26 sehn!
358 464 55 27 Ganz
429 463 114 26 batawatisch
559 470 26 15 un
600 463 103 25 verstöwert
718 463 32 26 isch
767 464 22 24 'r,
804 464 35 21 wie

223 506 54 15 wenn
297 506 9 14 e
326 499 51 25 böser
393 498 71 27 Geischt
484 499 19 21 in
519 505 22 15 ne
557 497 105 28 ning'fahre
677 498 46 21 wär.
754 498 42 22 Mit
811 498 28 21 d'r

223 534 82 21 Madam
315 534 40 21 redt
367 534 15 21 'r
392 533 120 26 iwwerhaupt
528 539 33 21 gar
577 533 38 26 nix.
635 532 140 27 Gewöhniglich
785 532 54 26 dhüet

225 569 16 20 ’r
255 568 32 27 sich
302 569 20 20 in
332 567 57 25 sinere
400 567 66 22 Stubb
477 567 122 26 inb'schließe;
616 574 22 14 no
655 566 55 26 bloost
726 573 19 15 er
761 566 31 26 sich
808 567 31 21 als

223 602 28 27 uff
263 603 35 21 wie
308 609 9 15 e
327 602 68 22 Kidder
410 602 37 22 und
463 601 45 26 stellt
523 601 31 27 sich
570 608 24 15 en
611 602 87 26 position
715 608 25 15 un
755 601 83 27 scheschti-

223 637 55 22 külirt
288 638 36 21 mit
333 637 55 26 Händ
398 644 26 14 un
435 636 51 28 Füeß
498 649 26 2 —
536 649 25 1 —
577 643 26 14 un
618 643 24 14 no
658 636 92 22 rebbedirt
765 643 19 15 er
799 637 38 21 als:

225 673 47 25 „wir
288 672 38 25 sind
341 672 18 27 ja
375 671 35 22 alle
420 671 88 22 Brüder“
527 683 24 3 —
569 683 25 2 —
611 677 26 15 un
652 677 23 15 no
692 671 64 21 wurds
771 671 68 21 widder

224 713 45 21 ganz
285 706 41 27 still.

280 741 88 26 Sophie:
385 741 30 21 Un
430 741 34 20 mit
479 740 69 21 keinere
558 740 44 22 Lieb
617 740 33 27 isch
661 740 127 27 ze-n-erfahre,
798 744 41 17 was

223 776 22 22 do
261 776 30 21 los
306 776 38 26 isch.

281 810 137 26 Enishänsel:
442 810 38 26 Oh,
503 810 30 26 oh,
553 810 29 25 oh,
602 809 33 26 oh!
659 810 17 20 E
697 808 142 27 merkwürdiger

223 844 53 29 Fall!

281 880 87 26 Sophie:
385 880 39 26 Hör
435 879 69 23 Cécile,
520 880 41 20 traa
577 878 39 27 doch
632 879 27 21 im
669 878 48 26 Herr
728 878 111 26 Enishänsel

224 915 17 21 ’s
257 915 76 26 Kifferle
348 916 20 20 in
383 914 34 26 sini
433 913 72 22 Stubb.
525 914 27 21 Er
567 913 45 22 bliet
627 912 19 23 bi
661 917 37 18 uns
714 914 51 20 üwer
775 912 63 27 Nacht.

281 955 79 22 Cécile:
382 955 17 21 ’s
417 954 32 26 isch
468 954 61 27 erecht,
546 955 90 20 madame
656 958 43 17 (durch
715 957 20 15 die
751 957 88 17 Mittelthüre

223 989 25 14 mit
257 989 29 14 dem
295 988 47 17 Koffer
351 988 27 16 ab).

469 1044 22 21 4.
512 1041 73 25 Scene

406 1099 31 17 Die
448 1099 69 21 Vorigen
530 1097 39 22 ohne
582 1098 72 22 Cécile

280 1146 88 26 Sophie:
391 1145 69 26 Désiré
475 1157 28 3 —
520 1157 12 2 —
563 1144 36 21 m'r
615 1144 26 24 sin
657 1144 53 21 ellein
726 1155 26 3 —
770 1156 24 2 —
810 1144 30 26 jetz

223 1181 31 25 saa
269 1181 36 21 m'r
320 1180 92 28 uffrichtig
427 1186 26 15 un
468 1179 65 27 ehrlich
550 1196 4 3 .
571 1195 4 4 .
593 1195 4 4 .
613 1182 41 18 was
670 1177 68 28 denksch
758 1178 24 21 dü
802 1184 37 15 vun

223 1215 41 22 dere
280 1214 81 27 Gschicht
376 1215 33 21 mit
424 1215 46 21 mim
486 1214 79 22 Mann?
