1 1
523 179 28 15 —
586 176 85 18 16
642 163 32 42 —

299 236 45 25 ben,
360 232 90 27 verstehsch
465 232 26 20 mi
506 230 50 26 schun
567 241 25 3 —
604 241 24 2 —
645 234 49 15 awer
708 227 91 25 natierlich
815 227 33 24 eso,
863 225 35 25 daß

299 273 20 17 es
337 268 28 22 d'r
379 266 79 22 Anatole
475 264 57 21 merke
546 262 53 26 müeß
616 274 24 3 —
657 274 25 2 —
697 268 26 14 un
738 261 44 20 drno
797 260 53 21 wölle
864 260 35 20 m'r

300 302 86 22 abwarte,
401 300 21 22 ob
437 299 29 21 dis
481 297 99 27 Pflaschter
595 297 39 26 zeijt
649 296 42 21 oder
705 295 33 21 nit.

355 334 86 26 Sophie:
457 333 55 21 Awer
521 332 18 25 so
547 331 45 23 ball
607 331 34 20 wie
655 329 61 26 möejli
728 344 4 4 .
744 344 3 4 .
760 344 4 4 .
778 328 20 24 je
809 327 89 26 t'enprie.

356 367 133 27 Enishänsel:
509 365 54 22 Grad
583 364 32 27 geh
630 364 7 21 i
652 363 48 27 züem
714 368 25 15 un
754 361 47 26 schick
816 368 22 14 ne
853 355 46 35 here.

302 416 25 2 —
338 415 25 2 —
379 407 38 16 (Will
426 405 77 17 fortgehen.)
519 399 55 21 Awer
596 401 40 18 was
658 396 34 26 sieh
714 395 38 27 ich?
767 400 25 16 (Er
800 399 70 16 betrachtet
880 398 21 16 ihr

301 442 61 16 Gesicht.)
382 436 33 21 Dü
430 434 45 27 hesch
490 434 17 26 jo
523 439 8 14 e
546 432 57 21 kleins
617 430 58 27 Pfizel
689 429 28 25 uff
733 430 24 19 'm
772 428 62 22 Backe.

357 470 86 25 Sophie:
459 468 37 26 Ah,
512 468 16 20 ’s
543 465 31 27 isch
590 466 16 26 jo
622 464 57 26 wohr.

358 502 133 27 Enishänsel:
507 501 39 21 Dis
561 499 39 26 derf
614 497 36 22 m'r
664 497 28 21 nit
707 496 26 25 eso
744 495 52 26 henke
807 496 36 20 lon.
863 495 38 21 Dis

302 539 53 21 könnt
365 536 86 25 e-n-Eisse
461 542 52 21 genn.
532 535 67 21 Kumm
609 533 38 26 her,
661 531 25 27 ich
696 529 49 26 mach
754 529 28 21 d'r
792 529 44 21 ebbs
847 528 54 26 druff.

302 572 25 17 (Er
335 571 35 17 zieht
379 571 25 13 aus
413 570 22 14 der
443 568 91 17 Westentasche
544 566 21 14 ein
574 565 61 18 größeres
645 564 70 17 schwarzes
724 563 60 16 Pflaster,
797 561 45 14 beleckt
852 562 14 13 es
876 561 26 14 und

303 600 33 14 klebt
344 599 21 17 ihr
374 600 15 13 es
395 598 48 14 mitten
450 597 22 17 auf
479 598 24 13 den
509 596 59 15 Backen)
583 590 39 23 So,
641 589 65 24 so...
721 588 29 26 jetz
768 585 63 22 wurds
853 584 50 26 schun

303 624 71 26 hewwe.

358 655 86 26 Sophie:
464 653 65 21 Merci
548 652 53 24 bien,
621 650 59 21 merci
699 649 52 20 bien.
769 659 24 2 —
813 647 38 26 Jetz
871 646 32 27 geh

304 697 48 15 awer
367 689 43 28 glich
425 695 25 15 un
464 686 48 26 mach
523 684 86 29 gschwind
615 680 8 41 .
637 700 4 4 .
653 699 4 5 .
673 682 24 26 ich
712 681 57 22 kanns
780 680 52 27 fascht
847 681 57 20 nimm

303 723 79 28 üshalte.

360 753 186 29 Enishänsel
492 747 8 39 :
512 747 37 39 Ich
566 753 39 27 geh.
630 757 24 16 (Er
663 756 47 13 kommt
716 747 67 39 nochmals
793 753 53 17 zurück.)
866 746 39 21 Na-

304 792 127 22 turellement
445 790 75 20 silence
532 788 49 20 üwer
590 785 54 25 unsre
654 784 58 26 Plan,
727 781 91 26 verstehsch
832 781 33 23 mi,
880 787 25 14 un

304 832 53 16 wenn
371 825 28 21 d'r
414 824 47 25 Herr
476 823 23 20 üs
514 819 111 27 Bischwiller
640 817 67 22 kummt
719 833 3 4 .
735 832 4 4 .
752 832 3 4 .
768 832 4 4 .

361 864 86 26 Sophie:
463 863 27 20 Es
500 860 33 26 soll
541 860 32 25 nix
583 858 52 27 fehle,
645 857 25 26 ich
680 856 39 22 will
728 856 36 21 m'r
774 854 68 26 Müehj
853 859 53 21 genn.

306 903 87 19 (Enishänsel
399 903 37 14 durch
442 901 20 14 die
469 899 86 17 Mittelthüre
562 898 26 16 ab)
603 893 39 21 Dis
653 892 29 26 het
694 892 28 26 jetz
733 896 24 15 au
771 890 28 20 nit
813 888 40 21 min
862 887 45 26 Herz

307 932 78 29 gedenkt,
400 930 34 26 daß
444 932 7 20 i
460 929 42 26 noch
512 928 54 25 müeß
576 926 85 23 Komedie
671 924 59 26 spiele.
745 923 19 21 O
775 922 29 25 ihr
813 920 94 22 Männer!

306 966 41 16 (Nach
357 965 35 14 links
401 963 26 17 ab.)

546 987 21 21 5.
587 984 78 24 Scene.

407 1032 91 19 Anatole,
509 1030 43 17 dann
564 1028 74 18 Cécile,
650 1026 61 21 nachher
723 1020 82 30 Sophie.

363 1066 91 23 Anatole
467 1070 27 17 (ein
503 1069 44 14 Mann
556 1070 25 11 von
590 1066 64 16 ungefähr
662 1065 17 14 55
687 1064 60 17 Jahren;
757 1063 47 13 kommt
811 1060 67 18 vorsichtig
885 1062 24 12 von

308 1102 46 17 rechts.
372 1101 18 14 Er
399 1100 23 17 hat
430 1099 37 14 einen
477 1097 75 17 Schlafrock
561 1093 90 18 unordentlich
658 1097 22 12 an,
689 1092 25 15 sein
722 1092 41 17 Haar,
772 1091 25 13 das
807 1089 34 18 nicht
847 1089 63 17 gekämmt

308 1125 20 17 ist,
336 1124 41 17 hängt
385 1123 27 16 ihm
421 1122 23 14 ins
453 1120 51 18 Gesicht
514 1118 48 18 hinein.
580 1117 21 17 In
611 1117 21 14 der
641 1116 50 16 rechten
700 1115 38 16 Hand
747 1114 36 16 trägt
792 1117 14 10 er
815 1112 36 14 einen
861 1111 49 17 Zettel,

308 1153 15 13 in
331 1153 25 13 den
364 1155 14 11 er
387 1150 64 18 zuweilen
462 1149 35 14 beim
506 1147 91 15 Memorieren
607 1144 73 16 einblickt)
683 1131 6 41 :
693 1137 85 24 Gottlob,
787 1137 17 20 ’s
809 1135 31 26 isch
847 1135 64 21 Nieme

309 1182 29 21 do.
353 1181 37 21 Die
400 1178 65 23 Stubb
475 1177 32 26 isch
518 1176 72 28 größer,
605 1175 22 21 do
643 1172 59 29 geht's
712 1171 61 25 besser.
794 1163 117 36 D'Akuschtik
