1 1
369 194 36 18 —
437 191 92 20 17
494 177 38 46 —

130 251 33 28 isch
179 257 26 16 au
221 250 58 27 besser
294 250 29 22 do.
354 254 51 18 (Sieht
415 254 39 17 auf's
464 253 76 16 Kanapee.)
565 244 93 27 D'Sache
674 244 28 26 sin
718 243 53 28 schun

131 287 92 28 abg'holt.
255 287 30 22 Es
303 286 54 22 wurd
374 285 33 27 sich
424 285 54 27 schun
494 284 49 22 alles
564 281 68 28 mache.
664 281 41 27 Jetz
725 280 47 28 fehlt

131 324 39 22 m'r
180 322 45 22 blos
240 322 45 27 noch
301 322 29 22 d'r
340 320 69 27 Jules,
425 320 37 27 daß
479 319 25 28 ich
519 317 133 28 üwwermorje
667 316 105 27 unschenirt

131 360 25 21 üs
172 359 48 23 mim
236 359 45 27 Käfi
296 358 68 22 kumm.
387 362 26 17 (Er
422 362 46 17 schaut
478 361 24 17 sich
512 359 72 19 vorsichtig
594 360 34 14 um.)
652 353 46 26 Also
715 352 59 28 fange

132 396 38 22 m'r
190 395 44 27 noch
254 394 49 23 emol
324 394 23 22 do
368 400 33 18 an,
421 400 29 15 wo
472 391 111 23 d'Societät
603 389 45 28 fünf
664 396 8 15 e
688 389 86 28 zwanzig

132 433 53 27 Johr
201 432 28 22 alt
244 431 61 22 wurd.
327 436 27 16 (Er
364 435 34 16 stellt
409 435 24 17 sich
443 434 15 14 in
467 433 41 18 Pose,
518 433 8 14 d
536 434 8 13 s
554 432 97 18 Hochdeutsche
661 431 49 17 spricht
723 434 14 11 er
747 430 27 14 mit

133 473 76 17 auffallend
222 472 85 17 elsässischem
318 471 63 16 Accent)
405 465 45 26 „So
467 464 33 27 hat
516 463 49 22 denn
581 463 29 21 die
624 461 92 23 Fanfare
729 460 45 27 nach

132 505 44 27 fünf
199 504 38 22 und
260 504 83 28 zwanzig
366 502 78 27 Jahren
468 499 115 30 glorreichen
605 498 105 28 Bestehens
733 496 42 23 eine

133 539 101 30 glänzende
258 538 84 29 Zukunft
365 538 62 27 hinter
450 535 60 28 sich“;
536 535 48 27 halt,
608 534 31 22 dis
662 532 34 27 isch
719 532 55 28 falsch

133 584 20 16 (er
164 582 38 15 blickt
211 582 38 16 ein):
268 593 4 4 .
290 592 4 5 .
312 592 4 4 .
335 591 4 5 .
356 575 19 27 ja
391 573 97 27 so!...
506 572 55 26 „eine
576 569 102 31 glänzende
689 568 86 29 Zukunft

133 619 41 16 vor
190 611 54 28 sich“.
266 615 38 18 (Liest
317 614 65 17 weiter):
401 608 60 27 „Wir
478 608 39 26 sind
534 608 38 21 alle
586 605 135 28 umschlungen
737 611 39 16 von

134 649 41 22 dem
200 647 139 30 gemeinsamen
355 646 70 23 Bande
448 645 32 22 der
502 644 56 23 Liebe
581 642 38 23 und
641 640 135 31 Freundschaft

202 701 3 4 . . . .
222 684 37 22 wir
275 683 38 25 sind
330 683 19 28 ja
361 682 37 22 alle
410 681 102 23 Brüder!“
525 680 143 23 Bumme-n-un
677 678 100 24 Granate,

134 721 57 27 müeß
206 721 31 22 dis
253 719 102 27 e-n-Effekt
371 718 69 27 mache,
460 724 56 15 wenn
537 715 27 28 ich
584 715 31 23 dis
637 714 17 27 so
675 708 102 37 erüsbrüel

136 757 49 26 „wir
201 756 39 26 sind
257 756 20 26 ja
292 754 38 22 alle
345 754 103 23 Brüder!“
466 753 42 22 Dis
524 752 31 27 het
572 752 16 21 'r
603 751 66 28 famos
685 744 92 38 gemacht,

135 793 29 22 d'r
185 790 187 30 Zittungeschriwer
374 783 14 41 ;
397 789 30 22 d'r
448 788 95 22 discours
564 787 34 28 isch
618 793 49 22 ganz
689 784 88 30 großarti

179 844 6 6 . . .
203 828 16 22 ’r
235 827 30 28 het
281 833 24 16 au
320 827 30 21 nit
365 824 116 27 umesunscht
496 823 65 28 drissig
577 822 61 23 Mark
653 822 62 27 koscht.
744 821 33 22 Un

135 872 55 16 wenn
207 864 24 27 ich
247 864 30 27 uff
300 862 71 24 einmol
390 859 135 31 franzeesch
546 859 73 29 anfang
641 876 5 5 .
668 876 4 4 .
693 875 6 5 .
722 875 4 4 .
752 864 25 15 no

135 900 75 26 kannsch
227 906 52 15 awer
295 899 55 28 lüeje,
366 898 25 22 dü
408 894 248 26 Nundebuckels-caissier!
674 911 4 4 .
697 910 4 5 .
719 910 4 5 .
739 893 36 27 dich

136 937 48 27 dhüe
200 934 25 29 ich
241 934 45 28 noch
306 933 63 28 siwwe
384 933 41 23 mol
444 932 79 28 üsbisse,
543 931 45 24 denk
611 930 58 23 dran!
693 929 57 23 Mais
765 929 14 22 à

137 972 98 22 l’œuvre!
257 972 12 22 à
285 970 99 23 l'œuvre!
409 986 4 4 .
431 986 4 4 .
453 985 4 5 .
474 968 26 27 ich
521 968 41 22 will
582 967 32 22 ken
631 967 41 28 Zitt
692 965 87 27 versüme

138 1026 71 5 ....
227 1008 17 23 's
261 1006 61 30 Fescht
340 1005 32 29 isch
388 1005 19 29 jo
423 1004 55 29 schun
493 1003 133 29 üwwermorje
643 1020 4 5 .
665 1019 4 5 .
687 1019 4 5 .
710 1001 17 23 ’s
743 1000 34 28 isch

137 1044 85 27 höchschti
233 1043 48 28 Zitt.
296 1048 26 16 (Er
332 1048 47 17 liest):
389 1041 61 26 „Wir
460 1040 72 23 können
543 1044 22 18 es
576 1039 42 28 stolz
630 1039 58 27 sagen
700 1050 27 2 —
738 1036 40 23 und

137 1080 29 23 die
197 1079 76 29 heutige
298 1076 194 31 fünfundzwanzigste
517 1074 156 25 Sainte-Cécile
704 1073 76 27 unserer

138 1117 92 21 Fanfare
247 1115 48 28 lehrt
310 1118 22 18 es
348 1118 38 18 uns
404 1127 26 2 —
447 1113 34 23 der
491 1113 73 23 Verein
580 1111 21 27 ist
617 1111 35 27 auf
667 1110 30 22 die
713 1109 67 28 höchste

137 1152 63 29 Stufe
215 1152 31 23 der
263 1149 139 29 Entwickelung
420 1149 107 29 gekommen
544 1166 4 4 .
567 1165 5 5 .
589 1165 5 5 .
611 1164 5 5 .
634 1164 5 5 .
642 1147 10 11 “
672 1151 27 17 (Er
706 1150 30 19 hält
742 1149 33 16 inne

138 1195 35 14 dann
187 1193 87 18 begeistert):
290 1188 37 26 Ja,
344 1186 18 26 so
378 1185 65 27 isch's!
460 1185 36 27 Ich
512 1184 33 23 bin
562 1185 18 27 jo
597 1182 74 29 selbscht
687 1182 93 22 membre

139 1225 113 22 fondateur
266 1231 38 15 vun
320 1222 31 23 d'r
361 1221 91 24 Societät
466 1227 28 16 un
506 1220 17 23 ’s
534 1218 82 31 gedenkt
632 1219 37 22 m'r
684 1217 45 29 noch
746 1217 35 28 hit,

138 1261 36 22 wie
192 1261 38 22 m'r
245 1260 29 22 im
289 1259 82 28 Anfang
386 1258 29 22 im
426 1264 9 15 e
451 1257 85 28 lumpige
546 1255 110 28 Waldhorn
665 1253 116 29 nochgeloffe
