1 1
482 212 36 18 —
551 210 27 20 28
613 195 33 47 —

499 288 23 23 7.
543 286 86 27 Scene.

279 346 97 22 Karcher,
390 347 90 23 Sophie
492 347 44 23 (läßt
550 348 29 23 ihn
593 348 49 19 kaum
656 354 20 18 zu
690 350 57 18 Worte
760 350 87 21 kommen).

296 391 95 37 Karcher
406 401 40 19 (nach
464 401 38 16 einer
517 402 115 19 Verbeugung)
626 394 9 31 :
657 398 38 28 Ih
712 399 38 28 hab
772 395 47 37 doch
832 401 60 27 d'Ehr

234 433 38 22 mit
287 433 30 22 d'r
332 433 97 23 Madame
446 434 125 27 Stieffatre?

294 474 94 29 Sophie:
406 475 59 30 Ganz
483 477 65 28 erecht.
567 482 37 17 (Für
614 483 42 17 sich):
675 479 50 23 Sott
737 480 32 22 dis
782 480 30 22 d'r
823 481 68 22 Mann

233 511 36 26 sin,
285 519 30 16 wo
331 513 39 21 mir
386 513 29 22 d'r
432 512 73 28 Désiré
521 513 61 28 schicke
599 514 57 23 will?
678 515 18 22 ’s
718 515 58 28 schint
793 516 56 29 fascht
865 517 26 27 so.

232 548 37 28 Ich
286 549 42 23 will
345 556 23 16 ne
383 550 43 28 doch
444 550 47 29 glich
509 550 69 30 fröuje.
599 557 60 17 (Laut)
677 552 43 23 Sin
738 553 40 22 Sie
794 553 34 23 der
841 554 51 28 Herr

232 586 25 22 üs
275 585 135 28 Bischwiller
401 581 12 36 ?

293 623 104 28 Karcher:
415 624 33 23 So
461 624 61 28 isch's,
535 625 25 27 ich
574 625 33 23 bin
619 626 25 22 üs
655 626 129 29 Bischwiller.
797 632 38 17 (Für
845 632 44 19 sich)
882 619 11 40 :

232 659 74 28 Woher
323 659 50 28 weiß
390 659 25 28 sie
431 660 32 23 dis
480 662 73 22 nurre?

293 702 93 28 Sophie:
409 703 28 28 Ze
452 703 35 27 saa
503 703 26 28 ich
548 705 30 22 'ne
595 705 91 22 vielmols
704 706 73 25 merci,
795 706 38 28 daß
851 707 40 23 Sie

231 739 33 28 sich
281 740 69 27 dohere
367 739 88 30 bemühjt
471 741 45 27 han.
552 742 116 29 Angenehm
684 743 55 28 isch's
754 744 19 28 jo
790 744 29 22 nit
834 744 56 29 grad,

230 781 44 17 was
290 776 41 23 Sie
347 777 146 23 iwwernumme
511 778 38 28 han
567 791 26 3 —
613 792 27 2 —

292 814 93 28 Karcher
400 819 55 19 (kurzer
472 819 85 18 Einwurf)
556 810 13 39 :
575 815 52 24 Nein
644 823 36 22 gar
697 817 30 23 nit
767 835 50 5 ....

289 857 84 28 Sophie
395 863 41 18 (ohne
446 863 25 18 sich
482 863 55 16 beirren
552 867 16 14 zu
584 864 63 18 lassen)
650 853 13 39 :
672 860 59 23 Awer
752 860 26 28 ich
800 861 90 27 versicher

230 893 48 27 Sie,
294 894 49 22 mir
359 893 54 29 isch's
430 894 74 30 einfach
520 896 109 28 schrecklich,
646 896 47 29 mich
709 897 34 29 züe
754 897 18 27 so
785 897 48 24 ebbs
845 898 44 28 here

228 932 20 22 ze
263 937 59 22 genn.
355 931 53 24 Was
425 931 43 24 will
485 932 41 31 m'r
539 939 53 16 awer
608 933 78 29 mache?
707 934 47 24 M'r
775 934 60 29 schikt
856 935 32 28 sich

228 968 52 26 drin,
297 968 32 23 dis
346 968 54 28 isch's
416 969 75 28 Bescht.

289 1005 106 28 Karcher
392 1001 11 40 :
412 1006 37 27 Ja,
467 1006 31 23 dis
516 1006 53 30 isch's
586 1007 74 30 Bescht.
679 1014 37 17 (Für
728 1014 43 17 sich):
793 1008 37 29 Ich
847 1016 41 16 ver-

229 1042 36 28 steh
282 1042 41 23 kein
340 1042 65 24 Wort.

288 1079 94 29 Sophie:
399 1080 68 23 Kenne
485 1081 40 22 Sie
541 1082 52 21 mine
610 1082 87 22 Mann?

288 1117 104 28 Karcher:
410 1118 20 23 O
446 1119 28 27 ja,
492 1125 48 22 ganz
557 1119 53 28 güet.

286 1155 95 27 Sophie:
399 1156 58 22 Tant
472 1156 80 27 mieux,
569 1158 49 21 tant
634 1157 84 23 mieux!
738 1158 39 22 Sie
794 1158 52 22 wäre
863 1165 24 16 ne

226 1197 38 17 vun
281 1191 122 28 Bischwiller
420 1193 32 27 her
469 1192 65 26 kenne,
552 1193 16 22 'r
585 1193 30 27 het
632 1194 33 22 als
694 1193 87 30 früehjer
802 1195 84 23 drüwwe

226 1229 37 22 viel
280 1235 19 22 ze
316 1229 63 27 dhüen
395 1230 51 28 ghet.
466 1230 17 22 'r
499 1230 55 23 wurd
572 1229 33 29 sich
622 1231 30 22 nit
669 1231 68 23 üwwel
752 1232 134 23 verwundere,

225 1272 58 15 wenn
307 1266 40 22 m'r
364 1266 35 22 mit
421 1266 77 28 unsrem
515 1267 95 22 Kumedie
627 1267 94 30 anfange.
754 1269 32 23 Un
810 1270 31 27 for
864 1269 21 23 de
