1 1
380 191 30 16 —
447 188 92 19 31
506 179 35 40 —

198 245 142 29 Enishänsel:
357 246 76 24 Bravo,
449 245 71 23 bravo!
537 244 36 28 Ich
589 244 44 28 sieh,
650 244 25 28 ich
687 244 37 28 hab
736 243 46 28 mich

138 283 35 22 mit
190 282 29 23 d'r
235 283 29 22 nit
280 283 110 26 trumpiert.
421 282 35 27 Ich
474 281 30 27 loß
522 281 37 28 dich
575 282 30 28 jetz
625 281 62 22 ellein.

198 319 104 29 Schanté:
321 320 17 20 ’s
355 318 33 27 isch
405 319 50 27 güet,
472 318 50 26 Herr
538 317 122 27 Enishänsel.

198 356 133 26 Enishänsel
348 359 35 18 (will
391 360 71 17 fortgehn
458 351 6 35 ;
472 364 13 10 er
492 360 50 13 kommt
549 359 53 17 zurück,
608 359 46 17 schaut
661 359 23 16 sich
692 360 26 13 das
724 359 60 16 Pflaster

138 400 35 14 an):
190 392 83 27 Hebbt's
283 390 59 28 noch?
358 390 66 23 Nurre
440 392 29 20 nit
485 392 54 20 eweck
553 389 70 27 mache,
639 394 22 18 es
677 389 57 23 könnt
750 389 33 28 züe

139 428 42 29 licht
197 435 9 16 e
218 426 117 29 Knochefraß
347 433 56 22 genn.
430 428 35 21 Au
482 427 76 22 revoir.
575 426 136 28 Barthélemy.
729 431 54 17 (Durch

139 463 21 15 die
170 463 46 15 Mitte
226 463 28 16 ab.)

198 488 104 26 Schanté:
320 488 18 22 E
354 487 59 27 rechts
430 486 136 26 Büewestickel.
585 486 59 22 Awer
660 490 43 18 was
720 485 64 29 geht's

139 524 46 28 mich
197 524 36 23 an!
249 537 18 2 —
286 537 27 2 —
330 523 56 28 Halt,
401 528 43 17 was
460 523 34 27 hör
505 522 40 28 ich?
562 521 24 28 ich
603 522 59 25 mein,
679 521 105 23 d'Madam

139 560 107 28 Stieffatre
267 561 71 21 kummt
357 558 60 28 schun.
450 558 48 23 Soll
520 558 25 27 ich
563 558 45 29 glich
624 558 36 22 mit
677 558 26 22 'm
719 557 66 28 Spück

139 597 100 28 anfange?
256 597 17 21 ’s
291 597 53 21 wurd
362 596 18 21 ’s
396 595 67 27 Bescht
479 594 39 28 sin;
535 602 25 15 no
576 594 34 23 bin
626 594 25 28 ich
668 601 26 16 au
718 593 66 29 famos

139 633 89 27 entrain,
246 639 56 15 wenn
316 632 29 21 d'r
356 631 36 23 Alt
403 632 69 21 driwer
484 631 76 22 kummt.
578 636 55 17 (Cécile
643 636 41 16 durch
695 636 21 14 die
726 635 58 17 Mitte.)

139 669 115 27 Wahrhafti
270 670 30 21 dis
317 669 33 26 isch
367 668 31 27 sie.
431 669 39 21 Sie
487 669 29 26 het
532 668 104 27 Zahnweh.

398 749 21 22 9.
442 746 84 26 Scene.

275 806 98 22 Schanté,
388 806 78 18 Cécile,
480 806 65 21 nachher
559 806 94 17 Anatole,

199 856 105 28 Schanté:
322 855 99 28 Bonjour,
439 854 92 21 Madam.
551 853 36 27 Ich
605 854 62 21 kumm
678 860 46 15 vum
736 854 50 26 Herr

141 892 125 27 Enishänsel.

202 928 82 22 Cécile:
300 928 93 26 Bonjour
404 928 92 21 m'sieur.
514 932 35 17 (Für
560 932 41 17 sich):
619 925 97 23 Madam
728 925 31 28 het
770 925 17 23 'r

141 964 47 28 mich
205 963 79 24 titliert!
301 963 42 22 Der
359 962 50 27 Herr
422 962 118 28 Enishänsel
556 962 54 23 wurd
627 962 27 22 'm
671 961 53 29 gsaat
742 961 45 28 han,

141 1000 37 28 daß
195 1000 25 28 ich
237 999 99 29 Wittfrau
352 998 39 23 bin.

200 1036 105 27 Schanté:
325 1035 36 29 Ich
382 1035 32 22 bin
432 1035 28 21 d'r
476 1035 50 28 Herr
542 1034 129 28 Barthélemy
688 1034 96 28 Schanté.

203 1078 71 23 Cécile
291 1083 92 17 (affektiert):
401 1077 113 23 Enchanté
530 1078 25 21 de
573 1084 51 15 vous
639 1077 46 21 voir
702 1077 86 21 m'sieur

142 1116 99 21 Schanté.
274 1120 36 16 (Für
320 1120 41 16 fich):
378 1114 127 27 Barthelmeh
523 1114 51 27 heißt
591 1114 23 21 'r.
645 1114 39 21 D'r
700 1112 88 28 schönscht

142 1153 85 22 Namme
243 1152 49 22 wo's
308 1151 42 28 gitt.
382 1155 58 18 (Laut):
461 1150 53 23 Was
530 1150 70 22 beliebt
616 1150 50 26 Herr
682 1147 105 29 Schanté
778 1143 13 40 ?

202 1188 103 28 Schanté:
326 1186 126 28 Offe-n-erüs
469 1186 66 29 gsaat,
554 1186 27 28 ich
597 1185 64 23 kumm
677 1191 38 17 nur
730 1185 57 28 wäje-

142 1224 71 27 n-Ine,
229 1225 102 21 madame.

203 1260 71 23 Cécile
291 1264 116 20 (triumphierend
417 1263 23 17 für
450 1264 41 17 sich):
509 1259 28 21 Er
554 1258 69 22 kummt
639 1258 48 28 wäje
705 1258 56 21 mir!
