1 1
505 199 34 18 —
572 197 28 19 32
636 183 35 46 —

320 254 105 24 Schanté:
443 254 36 28 Ich
496 254 38 28 hab
550 254 53 28 schon
620 255 17 25 so
655 255 38 23 viel
709 255 82 28 Schöns
806 263 28 16 un
847 257 66 24 Güets

260 297 40 16 vun
321 291 30 22 'ne
371 290 68 29 ghört,
460 291 39 28 daß
517 291 26 28 ich
560 291 46 28 mich
624 291 80 28 wirklich
721 291 59 29 fraij,
800 292 40 24 Sie
856 292 58 24 kenne

259 334 19 22 ze
294 328 58 28 lehre.

320 370 84 24 Cécile:
418 372 61 22 Vous
490 372 46 22 êtes
545 372 50 22 bien
604 372 98 28 aimable,
714 372 94 22 m'sieur.
825 378 36 18 (Für
872 378 40 23 sich):

259 407 18 23 E
292 407 71 29 gfitzter
378 408 58 28 Typ!
471 408 58 29 Ganz
550 408 87 28 andersch
657 410 37 22 mie
714 409 29 23 d'r
760 409 153 27 Kommissionär

258 445 89 22 Nümero
363 445 103 29 siwwezeh.

317 487 106 28 Schanté:
446 489 31 22 Un
499 488 18 26 so
535 487 40 29 hoff
591 487 26 27 ich
633 488 50 23 denn
700 495 33 18 au,
749 489 39 27 daß
804 489 40 23 Sie
864 489 48 28 mich

257 524 30 22 nit
308 523 72 29 schlecht
402 524 106 28 uffnemme
529 525 60 25 wäre,
610 532 57 15 wenn
684 525 40 22 Sie
745 525 77 28 erfahre
838 543 73 4 ....

257 568 56 16 wenn
330 562 41 23 Sie
387 562 76 28 erfahre
481 579 27 6 ....

318 604 83 23 Cécile:
419 605 66 23 Redde
502 605 40 23 Sie
559 613 67 19 nurre,
642 606 56 22 redde
714 606 41 23 Sie
771 613 139 16 nurre....

316 648 109 26 Schanté
416 644 13 38 :
443 665 5 5 .
461 665 4 5 .
479 665 5 5 .
496 665 5 5 .
517 648 37 28 daß
572 648 41 23 Sie
628 649 38 22 m'r
683 655 48 23 ganz
747 649 108 27 miserawel
871 666 4 6 .
888 666 4 6 .
906 666 4 5 .

256 684 45 29 güet
318 684 60 29 gfalle
395 702 5 5 .
417 702 5 5 .
440 703 5 4 .

316 727 85 23 Cécile:
419 727 36 29 Ich
472 728 57 27 Ine?

315 770 108 29 Schanté:
444 788 4 4 .
466 788 6 5 .
489 788 5 5 .
512 777 26 17 un
555 771 38 26 daß
609 770 27 28 ich
652 771 63 23 nimm
733 771 46 23 lewe
796 770 50 24 kann
862 771 48 28 ohne

255 807 48 23 Sie.
331 813 37 17 (Für
383 813 44 17 sich):
446 807 17 23 ’s
480 807 51 29 geht,
547 808 38 23 wie
601 807 105 29 gschmiert.

316 850 84 23 Cécile:
418 855 30 18 (Für
461 856 42 18 sich):
529 851 45 24 Wie
596 850 65 24 kumm
681 850 26 28 ich
729 851 32 28 züe
785 850 42 23 dem
851 850 59 29 große

255 886 70 24 Glück!
350 887 52 23 Sott
422 888 41 22 min
480 887 79 24 Traum
579 888 20 22 in
617 886 109 29 Erfüllung
742 886 65 29 gehn?
833 900 25 2 —
882 900 26 2 —

254 923 55 28 Halt,
333 923 106 30 vorsichtig.
470 929 61 17 (Laut):
554 923 42 28 Jetz
617 922 57 29 müeß
698 923 26 28 ich
741 923 40 23 Sie
798 931 52 16 awer
866 923 43 28 doch

254 961 67 23 dumm
338 960 68 30 fröuje.

314 1003 106 27 Schanté:
439 1003 81 22 Plait-il
537 1003 113 23 madame?

315 1046 86 23 Cécile:
418 1046 44 24 Sin
478 1046 40 23 Sie
535 1047 79 29 ghirot?

314 1089 106 29 Schanté
414 1084 11 39 :
437 1089 30 28 Ja
477 1089 102 28 natürlich,
592 1088 26 29 ich
629 1088 34 24 bin
675 1089 65 30 ghirot
749 1103 27 2 —
788 1103 26 2 —
827 1089 82 26 bardon,

254 1127 32 22 dis
303 1127 60 28 heißt,
377 1126 27 29 ich
421 1127 55 22 bin's
492 1127 49 29 gsin.
572 1126 37 29 Ich
626 1126 34 23 bin
677 1127 120 23 Wittmann.

314 1169 74 24 Cécile
403 1174 83 19 (entzückt):
512 1169 17 23 E
546 1169 126 24 Wittmann!
694 1183 27 2 —
745 1169 59 28 Ohne
820 1169 89 23 Kinder?

313 1213 107 26 Schanté
415 1208 15 37 :
437 1212 37 29 Ich
490 1213 39 28 hab
545 1219 39 16 nur
600 1213 49 28 dreij
660 1213 74 23 Kinder
746 1225 26 2 —
787 1225 26 3 —
826 1212 82 27 bardon,

254 1249 32 23 dis
303 1249 61 29 heißt,
379 1249 51 23 mini
446 1249 93 23 Mamme
556 1249 30 28 het
602 1249 48 29 dreij
666 1249 80 23 Kinder.
778 1249 54 29 Ich,
854 1255 54 23 zuem

252 1285 102 30 Beijspiel,
373 1285 34 23 bin
424 1292 8 16 e
449 1285 51 24 Kind
516 1292 41 16 vun
572 1286 75 23 minere
662 1285 100 23 Mamme.
