1 1
377 217 32 18 —
443 214 95 20 33
499 200 42 47 —

194 273 85 24 Cécile:
296 274 42 23 Dis
354 273 34 28 isch
405 274 18 27 jo
440 272 94 29 großarti.
566 276 37 18 (Für
612 276 44 17 sich):
673 270 41 28 Jetz
732 269 31 27 loß
779 270 7 22 i

134 312 21 22 de
171 310 152 28 Kommissionär
340 310 87 23 Nümero
448 308 96 29 siwwezeh
565 307 61 29 fahre.
650 312 61 18 (Laut)
712 302 11 40 :
736 306 51 28 Herr

135 348 128 29 Barthelmeh
277 365 5 5 .
300 365 4 4 .
323 364 4 5 .
346 364 4 4 .

196 379 93 31 Schanté
303 386 33 23 (für
344 384 46 28 sich):
405 380 44 27 Sie
462 380 46 25 redd
523 383 49 30 mich
583 383 56 26 schun
646 380 39 26 mit
693 381 31 21 'm
732 378 54 30 Vor-

135 419 147 27 namme-n-an.
309 421 44 27 Jetz
368 417 51 35 derft
432 417 31 31 d’r
475 418 39 26 Alt
525 417 87 31 kumme.

197 453 85 29 Cécile:
293 453 80 29 Liewer
384 458 130 26 Barthelmeh
534 471 69 13 ....
613 452 66 25 liewer
692 448 95 36 Barthel-

136 497 42 27 meh
197 514 4 4 .
218 513 5 5 .
242 513 3 4 .
264 513 4 4 .
286 501 35 17 (Sie
331 501 50 17 nähert
390 500 25 18 sich
426 500 39 18 ihm.)

197 533 94 29 Schanté
308 537 30 19 (für
348 537 41 18 sich):
407 531 29 26 O,
451 531 26 23 dü
494 530 80 29 heiliger
590 529 115 27 Strohsack
697 525 12 41 !

198 576 84 24 Cécile:
299 575 35 23 Dü
352 572 90 29 kummsch
459 573 50 28 wäje
525 573 39 23 mir
576 591 4 3 .
593 590 4 4 .
611 590 4 4 .
628 590 5 4 .
650 572 25 22 dü
689 572 42 22 witt
743 570 47 29 mich

138 615 67 27 hirote.

198 649 104 30 Schanté:
320 647 109 29 Natürlich,
445 646 93 29 natürlich
556 664 1 4 .
575 663 3 5 .
596 663 5 4 .
615 650 28 18 (bei
653 650 49 17 Seite)
712 645 79 22 wenn's

138 687 49 23 emol
204 686 63 29 drizeh
284 685 74 29 schlaat.

201 723 84 24 Cécile:
303 722 19 23 ’s
339 721 33 29 isch
389 721 43 29 doch
448 721 32 29 züe
497 720 60 28 schön,
575 720 17 23 ’s
609 719 140 30 Familjelewe.

200 760 105 29 Schanté:
323 760 32 21 Un
372 758 116 27 b'sundersch
499 759 37 21 mit
552 764 31 16 ere
593 757 76 28 Person
680 757 38 22 wie
728 755 41 24 Sie
776 756 16 22 !!

201 796 86 24 Cécile:
304 795 36 23 Dü
351 795 68 28 derfsch
431 795 38 22 m'r
479 795 73 23 nimmi
564 794 68 27 „Sie“
645 794 64 27 saaue.
732 793 61 23 Denn

141 834 26 29 ich
184 833 68 31 glaub,
274 832 39 24 m'r
329 831 28 29 sin
373 832 29 23 im
426 831 102 26 Moment,
549 830 31 29 for
595 835 40 18 uns
651 837 20 22 ze
695 829 98 28 fianciere.

140 871 35 19 (Sie
186 871 32 19 geht
229 870 25 18 auf
264 869 24 20 ihn
297 869 28 18 zu.)

201 896 107 27 Schanté:
335 894 47 24 M'r
399 893 28 28 sin
450 892 30 29 uff
508 892 26 23 'm
558 891 69 29 beschte
651 891 48 29 Wäj
723 891 70 29 d'rzüe.

142 938 81 18 (Für sich):
240 931 44 27 Isch
300 931 31 23 dis
343 931 31 28 jetz
386 929 77 29 Ernscht
475 929 45 24 oder
530 928 83 29 Gspaß
606 924 13 39 ?
627 934 69 16 (Anatole
706 934 52 14 kommt
767 936 27 12 von

141 974 132 20 rechts
197 962 8 37 ;
213 974 60 20 Schanté
285 973 60 15 bemerkt
355 972 33 17 ihn;
399 973 24 16 für
433 972 44 17 sich)
479 962 12 37 :
494 967 41 28 Jetz
560 973 53 16 awer
639 966 106 29 losgeleijt,
764 966 31 27 jetz

142 1000 91 25 kummt's
250 999 52 28 druff
319 1005 33 17 an.

203 1037 74 23 Cécile
293 1041 39 19 (steht
346 1040 19 19 so,
380 1039 27 18 daß
422 1040 18 15 sie
452 1039 63 15 Anatole
529 1038 37 19 nicht
580 1038 66 18 bemerkt)
667 1041 1 14 :
692 1032 48 24 Wer
764 1032 32 29 het

143 1072 87 31 gedenkt,
245 1072 38 28 daß
298 1073 7 22 i
321 1072 46 29 noch
383 1072 19 27 so
418 1070 68 31 glückli
501 1070 67 24 wur!!

204 1110 98 24 Anatole
323 1114 66 18 (bemerkt
398 1114 21 15 die
427 1114 48 15 beiden
486 1113 46 18 nicht;
543 1115 24 12 vor
578 1113 24 17 sich
613 1112 24 18 hin
645 1112 112 17 memorirend)
758 1102 12 36 :
776 1106 20 22 À

144 1148 109 29 plusieurs
269 1146 70 23 mains
355 1146 112 28 l’ouvrage
484 1151 89 17 avance.
590 1149 27 19 (Er
627 1149 54 19 bewegt
692 1148 69 19 beständig
776 1148 21 15 die

144 1184 64 19 Lippen)

206 1209 85 23 Cécile:
309 1207 33 24 So
351 1207 64 24 kumm
427 1207 50 23 denn
494 1213 26 17 an
530 1207 43 23 min
589 1206 58 29 Herz,
665 1206 43 23 min
725 1205 73 30 güeter,

146 1246 66 23 liewer
228 1240 140 37 Barthelmeh!
380 1248 35 19 (Sie
430 1252 74 12 umarmen
520 1248 35 19 sich;
569 1247 25 16 der
604 1247 36 18 Kopf
655 1247 82 18 Schanté's
753 1246 46 19 schaut

145 1282 33 18 nach
189 1281 32 16 dem
230 1280 91 19 Publikum.)

207 1307 109 28 Schanté
312 1300 13 39 :
332 1305 42 28 Jetz
389 1304 69 24 wurds
474 1305 52 28 güet.
544 1308 84 20 (Schneidet
639 1308 29 16 eine
679 1308 82 19 Grimasse.)
