1 1
502 212 30 17 —
569 210 28 19 34
628 212 36 17 —

317 265 97 24 Anatole
425 271 23 18 (w.
458 272 35 18 o.)
489 261 11 40 :
512 268 92 23 L'union
623 268 40 23 fait
678 269 22 22 la
716 269 69 23 force!
808 272 57 22 Vive
887 272 22 22 la

257 302 108 23 Fanfare!

318 338 85 24 Cécile:
421 339 53 23 Gieb
490 340 39 23 m'r
549 348 5 15 e
570 341 96 30 Schmutz.
683 348 37 16 (Sie
730 348 45 17 küssen
785 349 35 17 sich.)
838 345 21 22 O
871 346 37 21 wie

257 375 51 29 hawi
324 375 38 29 dich
379 376 18 27 so
414 378 59 28 gern!
490 378 43 28 Jetz
549 378 58 23 könnt
623 379 7 22 i
646 379 48 29 grad
711 379 76 27 sterwe!

315 417 94 29 Schanté
436 425 39 17 (noch
497 425 50 14 immer
569 425 15 15 in
603 426 24 14 der
647 427 108 18 Umarmung)
759 413 13 38 :
788 422 18 23 E
836 425 71 21 warmi

254 451 70 37 Person
340 455 5 23 !

316 491 109 23 Anatole:
447 493 21 22 A
485 493 107 27 plusieurs
616 493 123 24 forces...
764 496 14 22 à
799 496 107 28 plusieurs

254 528 69 22 mains
335 545 41 5 ...
396 533 27 18 (Er
436 533 35 18 stößt
487 538 18 10 an
518 534 39 15 beide
567 539 19 10 an.
605 535 20 15 Er
636 535 15 18 ist
662 536 70 18 sprachlos
743 538 24 13 vor
777 537 129 19 Verwunderung
899 523 11 37 ;

253 555 31 40 noch
294 555 36 40 nicht
341 563 15 15 im
363 563 64 18 Affekt)
429 555 8 40 :
443 559 109 30 Herrschaft
572 561 46 28 noch
635 562 61 22 emol!
718 562 41 22 Dis
777 563 33 27 isch
831 563 42 28 doch
897 571 9 15 e

253 594 54 28 bissel
323 594 69 29 starker
408 595 90 24 Düwack.

313 636 103 31 Schanté:
434 643 36 18 (will
485 644 24 17 sich
527 644 23 15 los
564 647 61 15 machen,
641 647 31 13 was
686 646 30 17 ihm
726 647 34 14 aber
777 647 36 17 nicht
829 647 75 18 gelingt)
896 632 11 39 :

254 675 85 26 Allons,
356 674 32 23 lon
405 674 41 23 Sie
461 675 47 28 mich
525 675 43 28 doch
586 676 56 29 gehn.

313 716 73 23 Cécile
403 722 81 18 (zärtlich)
502 717 130 30 Barthelmeh
640 720 16 20 !!

311 760 99 23 Anatole
429 765 52 18 (indem
496 770 14 11 er
527 766 14 15 in
558 766 22 16 die
597 767 49 18 Hände
662 767 50 19 schlägt
729 769 27 14 und
773 769 25 17 auf
812 769 25 15 den
855 770 49 15 Boden

250 795 63 19 stampft,
322 795 20 16 im
352 796 60 18 höchsten
422 796 63 18 Affekt):
511 791 46 30 Potz
578 792 138 30 Mordgallee
714 787 8 39 !
737 799 50 18 (Beide
803 799 49 19 fahren
868 802 34 13 aus-

250 832 73 17 einander,
333 832 50 16 Cécile
394 833 47 18 schreit
452 834 32 14 laut
494 834 36 17 auf.)
541 829 118 23 Wölle-n-er
667 826 49 38 glich
724 832 110 21 üsenander
843 833 59 28 gehn!

251 864 18 23 E
285 864 151 23 Rendez-vous
453 866 22 22 in
490 866 50 22 mim
557 866 56 27 Hüs!
635 866 105 23 Standare
756 867 145 28 Sapperment!

309 906 106 30 Schanté:
433 907 18 22 ’s
468 906 99 24 Gewitter
583 907 68 30 schlaat
667 909 27 22 in.
711 909 38 29 Ich
764 910 61 29 mach,
841 911 38 27 daß
895 912 6 21 i

250 944 32 23 los
299 943 71 24 kumm.
396 949 54 18 (Sucht
459 948 46 19 seinen
515 949 41 19 Hut.)

309 980 100 23 Anatole
426 985 23 19 (zu
459 985 69 19 Cécile):
554 981 53 24 Was
624 982 49 28 hesch
698 983 25 23 dü
747 984 20 22 in
788 984 49 22 mim
858 984 44 28 Hüs

250 1018 38 22 mit
304 1018 44 22 dem
363 1017 169 29 Manschettebüer
547 1026 19 22 ze
583 1019 80 28 schaffe?

309 1059 86 24 Cécile:
422 1060 70 23 Denne
513 1061 70 23 Mann
599 1061 32 27 loß
654 1061 7 22 i
681 1062 30 22 nit
732 1061 100 31 beleidige.
860 1064 41 23 Dis

248 1096 34 30 isch
299 1098 42 21 min
356 1096 153 31 Liebschter!

308 1140 107 29 Schanté:
443 1141 97 27 Bonjour
569 1141 99 27 bisamme.
696 1144 37 21 Au
763 1143 77 27 revoir,
868 1150 34 16 ma

248 1176 83 23 Chérie!
353 1183 26 17 (Er
394 1183 39 16 wirft
443 1183 22 17 ihr
476 1183 31 14 eine
521 1183 70 17 Kußhand
601 1184 27 17 zu.)

307 1213 108 24 Anatole:
432 1214 56 29 Halt,
505 1214 67 24 bliewe
589 1216 51 23 Sie!
658 1216 68 23 bliewe
744 1216 46 23 Sie.

307 1256 96 30 Schanté
424 1263 46 17 (durch
487 1263 21 14 die
523 1263 46 15 Mitte
583 1264 33 17 ab):
642 1259 35 28 Hit
700 1259 75 28 nimm;
800 1260 100 21 e-n-ander

249 1293 55 24 Mol.
