1 1
462 199 31 17 —
528 197 94 19 38
591 186 35 42 —

220 252 128 29 fünfhundert
358 254 62 23 Liwer
436 253 75 29 schuldi.
527 261 26 15 (Er
563 260 29 18 setzt
602 261 24 16 sich
636 261 13 16 so
660 265 16 10 an
687 261 25 14 den
722 261 44 17 Tisch,
777 261 27 17 daß
812 265 14 11 er
835 263 29 13 dem

220 288 78 17 Publikum
308 289 25 15 das
345 280 53 38 Gesicht
406 280 64 38 zukehrt.)
478 284 137 28 Zweihundert
630 285 64 23 Liwer
704 284 34 29 isch
747 292 9 15 e
767 286 55 26 bissel
835 287 30 22 ari

220 319 45 26 viel,
281 326 51 17 awer
348 321 37 21 m'r
397 320 61 27 mießt
472 321 19 28 jo
504 320 17 28 so
538 321 36 23 wie
589 321 17 28 so
619 321 47 23 ebbs
678 328 57 22 genn.
754 327 27 15 (Er
791 327 72 18 schreibt):

221 356 70 28 „Sehr
313 357 83 28 geehrter
420 357 50 28 Herr
494 357 103 28 Marbach,
624 357 78 24 erlaube
728 358 38 22 mir
789 359 76 26 hiermit

220 392 78 29 gütigst,
318 393 40 23 Sie
374 393 60 23 daran
451 400 22 22 zu
489 394 173 24 erinnern“....

279 429 82 28 Sophie
377 434 32 16 (mit
422 435 60 17 Karcher
498 438 26 11 von
539 435 46 17 links;
601 436 32 17 leise
647 440 17 15 zu
679 437 75 18 Karcher):
782 433 82 23 Kumme

219 464 50 28 Sie;
286 465 23 22 do
325 465 36 27 sitzt
379 467 16 20 'r
410 473 27 15 un
452 466 84 28 schriebt.

279 501 98 23 Anatole
392 508 24 16 (sie
430 507 97 18 bemerkend):
545 503 44 22 Sin
605 504 30 21 die
652 504 30 21 als
694 504 44 27 noch
755 505 30 22 nit
800 505 64 27 ferdi?

219 538 36 25 Ja,
267 539 26 27 ja,
305 545 40 15 wer
360 538 140 23 minere-n-Alt
516 540 49 21 emol
582 540 20 21 in
619 540 77 27 d'Händ
713 541 78 27 gerooth
803 558 4 4 .
821 558 4 4 .
841 558 4 4 .
859 558 4 4 .

219 580 25 16 (Er
254 580 34 17 steht
299 580 31 16 auf;
341 583 17 14 zu
369 580 73 18 Sophie):
459 576 36 27 Ich
512 576 35 28 geh
558 577 94 25 nüwwer,
663 584 54 15 wenn
730 577 21 23 de
762 578 42 22 witt
815 595 48 4 ....

277 612 92 27 Sophie:
386 612 20 22 O
423 613 52 24 nein,
491 613 38 22 blie
545 620 86 18 numme,
647 614 38 22 m'r
702 615 61 26 dhüen
780 615 38 27 dich
834 616 30 21 nit

220 647 45 29 lang
282 647 133 28 deranschiere.

279 683 101 29 Karcher:
397 684 46 23 Mir
460 684 53 28 isch's
529 692 25 15 au
570 685 71 23 liewer.
664 692 66 15 (Anatole
740 692 30 17 setzt
780 693 23 16 sich
814 693 50 14 wieder

218 720 26 14 und
254 719 65 18 schreibt:
329 719 60 18 Karcher
399 720 28 15 und
437 719 56 19 Sophie
503 719 39 19 setzen
552 720 24 18 sich
589 720 90 19 gleichfalls.)

278 745 81 27 Sophie
376 750 73 17 (affektirte
467 751 80 17 Sprache):
570 746 37 27 Ja,
624 746 55 24 denke
696 747 46 26 Sie,
759 747 25 27 ich
801 747 61 28 dhädd

218 782 31 27 züe
271 788 47 22 gern
334 782 50 22 emol
399 782 87 22 nüwwer
502 782 29 27 uff
557 782 118 29 Bischwiller
697 783 59 29 fahre.
790 785 17 21 ’s
829 784 33 28 isch

218 817 43 27 doch
280 818 70 22 e-n-ari
370 817 65 28 schöns
451 818 89 22 Städtel.
572 819 48 22 Min
636 820 69 22 Mann
725 819 58 23 könnt
802 820 60 27 freijli

216 854 30 21 nit
269 854 118 24 mitkumme,
407 861 21 15 er
447 854 34 27 isch
499 862 17 20 ze
541 855 144 28 präoggubiert,
710 862 20 15 er
753 856 30 26 het
806 856 56 22 andri

216 889 125 28 Sache-n-im
351 890 56 28 Kopf.
426 890 58 22 Awer
501 895 42 17 was
559 890 61 27 schadt
635 891 46 22 dis?
698 891 63 22 Ellein
776 892 86 27 amesiert

215 926 38 22 m'r
260 925 32 29 sich
298 926 18 28 jo
322 925 38 24 viel
365 925 65 28 besser.
440 931 42 17 (Leise
493 935 17 14 zu
517 932 65 17 Karcher)
591 935 2 14 :
602 926 40 29 Jetz
649 928 56 26 saaue
712 929 39 22 Sie
757 928 43 27 doch
806 929 55 22 ebbs.

278 962 106 23 Anatole:
411 963 40 22 Die
472 962 83 29 verkohlt
578 963 145 24 denne-n-arme
739 964 69 27 Jules,
824 964 37 28 daß

216 999 17 22 'r
249 998 54 29 blöuj
319 999 82 28 anlauft.
427 999 31 22 Un
482 999 25 28 ich
531 999 50 24 kann
599 1000 30 23 nit
644 1000 91 27 schriewe.
755 1006 26 17 (Er
795 1006 66 17 zerknüllt

215 1035 25 14 den
251 1033 102 18 beschriebenen
362 1034 49 18 Bogen
422 1034 27 15 und
460 1034 40 19 wirft
509 1034 24 19 ihn
544 1035 65 18 ärgerlich
620 1035 15 15 in
646 1035 25 15 den
681 1035 97 18 Papierkorb.)

276 1059 102 28 Karcher:
394 1059 42 29 Ihr
451 1060 69 22 Mann
536 1060 61 28 möcht
613 1067 47 22 gern
677 1077 4 4 .
700 1077 3 4 .
722 1078 4 4 .
745 1078 4 4 .

274 1096 93 28 Sophie:
379 1095 52 23 Was
439 1096 32 22 der
478 1103 47 22 gern
531 1096 68 29 möcht,
610 1097 44 29 geht
664 1097 46 28 mich
717 1098 33 27 nix
757 1104 31 16 an.
808 1110 2 2 —
834 1111 26 2 —

215 1132 66 22 Wenn
297 1132 39 22 m'r
351 1132 17 26 so
386 1132 44 28 lang
447 1132 66 28 ghirot
530 1132 42 28 ish,
593 1133 61 27 möcht
674 1134 38 21 m'r
732 1140 25 16 au
778 1140 9 15 e
807 1133 54 27 bissel

214 1169 142 26 changement
372 1168 45 28 han.
434 1169 67 22 Drum
517 1168 46 23 denk
574 1169 33 28 ich,
619 1170 37 26 daß
667 1171 39 21 mir
715 1171 46 27 zwei
777 1170 29 27 uff
818 1170 43 23 dere

214 1205 161 27 partie-plaisir,
384 1212 29 15 wo
423 1204 24 27 ich
457 1205 103 27 proposiert
572 1206 44 27 hab,
628 1206 69 27 famos
702 1206 90 27 amesiere
802 1209 58 20 wäre.

276 1240 102 28 Karcher:
395 1240 52 24 Was
464 1240 31 29 for
511 1249 9 15 e
536 1241 172 28 Partie-Pläsier
704 1236 10 38 ?
723 1248 63 17 (Sophie
796 1249 65 17 zwinkert

214 1275 29 19 ihm
254 1276 54 19 lebhaft
317 1276 29 18 zu.)
