1 1
414 206 30 17 —
479 202 26 19 39
537 203 33 16 —

237 261 105 23 Anatole:
358 260 39 26 Jetz
413 258 31 26 loß
459 259 60 21 denne
530 257 48 27 Herr
593 255 41 26 doch
650 261 25 15 au
686 254 49 22 emol
746 253 61 24 redde,

181 298 58 27 hörsch
250 297 48 26 doch,
309 295 36 26 daß
356 296 16 20 'r
383 295 28 21 d'r
421 293 46 23 ebbs
479 299 18 21 ze
508 292 55 26 saaue
574 291 39 27 het!
625 303 25 2 —
660 289 68 27 Schun
738 288 70 22 widder

180 332 133 28 verschriwwe!
330 336 25 18 (Er
365 334 65 19 zerknüllt
440 334 24 15 den
474 332 58 19 zweiten
542 332 47 18 Bogen
599 331 27 14 und
636 330 37 16 wirft
683 329 23 16 ihn
717 327 64 19 ärgerlich
794 327 14 13 in

181 370 24 14 den
215 367 94 18 Papierkorb.)

239 392 80 27 Sophie
334 395 39 18 (ohne
382 394 24 17 sich
417 394 42 14 stören
469 397 15 13 zu
494 392 61 17 lassen)
557 381 9 42 :
571 385 35 28 Ich
617 385 46 27 hoff,
674 383 36 27 daß
721 383 37 22 m'r
769 383 41 22 dem

182 428 93 29 glükliche
290 427 98 23 Moment,
403 431 29 15 wo
448 424 38 21 m'r
501 426 39 18 uns
556 422 37 26 han
614 421 55 22 kenne
690 419 57 27 lehre,
767 417 43 28 noch

183 463 57 27 schöni
255 462 79 22 Stunde
349 467 18 21 ze
382 458 90 23 verdanke
488 458 45 26 han.
564 456 67 22 Wann
646 454 53 22 welle
714 454 37 21 m'r
773 457 38 17 uns

183 499 48 22 denn
246 497 71 22 widder
333 496 67 26 treffe?
421 494 64 23 Wenn
502 493 39 21 Sie
556 491 46 28 lang
617 490 40 28 furt
672 489 73 24 bliewe,
761 487 50 27 mach

184 529 26 32 ich
226 534 38 22 m'r
275 532 94 27 chagrin.
389 532 76 21 (Ärgerlich
481 537 16 14 zu
514 531 74 18 Karcher):
599 526 40 27 Jetz
650 525 55 26 saaue
716 524 39 22 Sie
770 522 41 27 doch

184 576 37 15 nur
237 570 39 21 ein
291 567 82 23 Wort!!

242 603 95 22 Anatole
352 606 40 17 (wird
403 604 104 18 aufmerksam):
526 598 51 22 Was
590 596 93 23 Dunders
699 594 76 23 babbelt
791 594 22 21 do

185 640 48 21 mini
249 638 47 22 Alt?
327 637 40 23 Dis
383 636 32 26 isch
431 636 17 27 jo
464 634 42 27 meh
522 632 72 23 Mord!

245 674 99 27 Karcher
346 663 11 42 :
361 672 39 23 Am
415 669 89 29 nächshte
521 667 117 28 Samschdaa
652 667 61 22 Owes
725 682 4 4 .
742 681 4 5 .
759 681 4 4 .
777 681 4 4 .

244 710 89 27 Sophie:
350 709 45 21 Mir
411 707 52 27 isch's
479 705 63 27 erecht.

245 740 99 35 Karcher:
359 757 58 8 ....
430 743 20 21 in
466 740 75 28 Schilke
552 756 38 5 ...

246 780 88 28 Sophie:
352 779 139 27 Angenumme,
502 774 136 29 angenumme!
655 773 27 24 O,
691 772 34 22 wie
736 772 45 27 fraij
792 770 24 26 ich

188 817 45 27 mich
249 816 61 27 druff!
333 815 29 26 Ja
378 814 39 22 Sie
433 812 73 29 glauwe
523 817 35 22 gar
573 811 35 23 nit,
624 813 42 18 was
682 808 25 26 ich
723 807 22 22 de
761 812 57 22 ganze

189 854 45 22 Daa
251 859 24 15 an
286 852 39 22 Sie
340 850 51 22 denk.
407 847 107 27 Natürlich,
530 852 54 16 wenn
599 845 38 21 m'r
652 850 38 16 vun
706 843 34 25 sim
752 842 66 21 Mann

189 889 28 25 eso
233 886 112 29 neglischiert
361 885 64 24 wurd,
444 890 18 21 ze
477 881 57 27 müeß
550 881 36 21 m'r
602 880 40 27 halt
658 879 17 21 ’s
691 878 128 21 amusement

190 922 85 27 andersch
290 928 29 16 wo
335 920 65 27 süeche.

249 957 95 23 Anatole
359 960 21 18 (er
387 959 65 19 zerknüllt
460 959 31 16 auch
499 958 25 14 den
531 957 51 14 dritten
590 957 47 16 Bogen
645 955 27 14 und
679 954 38 16 wirft
724 953 23 16 ihn
755 952 65 18 ärgerlich

191 1000 13 14 in
214 1001 25 13 den
249 998 100 18 Papierkorb)
349 978 12 42 :
366 989 131 24 Dunderlettel
514 987 43 28 noch
573 987 61 24 emol,
649 986 29 27 jetz
694 984 70 27 hawi's
779 982 41 22 dick.

191 1037 26 16 (Er
227 1036 32 17 steht
269 1035 34 17 auf.)
325 1028 51 24 Was
392 1024 71 31 faselsch
479 1024 25 23 dü
520 1023 29 23 d'r
565 1022 21 23 do
603 1020 92 30 zsamme?
715 1020 42 22 Der
773 1018 48 28 Herr

192 1067 53 22 wurd
269 1073 9 15 e
300 1064 72 27 schöner
392 1061 77 29 Begriff
492 1066 39 16 vun
554 1062 38 18 uns
612 1057 96 23 bekumme
728 1056 35 21 mit
783 1054 39 22 dim

192 1098 77 36 wüschte
285 1099 118 25 Gebabbels.
420 1101 60 18 (Sophie
490 1101 28 14 und
528 1100 57 16 Karcher
595 1098 43 17 stehen
648 1097 34 16 auf.)

251 1142 90 27 Sophie:
358 1139 89 24 Gottlob,
462 1139 29 26 jetz
507 1136 54 23 wurd
578 1136 15 21 'r
609 1134 70 28 bröjes.

252 1183 89 28 Karcher
357 1188 22 16 (zu
388 1185 76 17 Anatole):
481 1180 48 27 Hör,
545 1177 24 28 ich
585 1175 56 27 müeß
656 1176 30 27 jetz
696 1174 55 28 gehn.
768 1172 56 23 Mini

194 1219 124 26 Kommission
334 1218 51 27 hawi
400 1217 29 21 nit
444 1216 57 22 könne
518 1213 48 27 ferdi
580 1211 73 27 mache,
669 1210 40 22 dini
725 1209 53 27 Frau
795 1208 30 26 het

196 1256 37 22 m'r
249 1262 8 15 e
273 1254 44 27 Loch
334 1254 19 21 in
369 1253 22 22 de
406 1251 50 27 Kopf
472 1250 69 28 geredt.
