1 1
173 266 25 22 In
211 266 70 22 gleichem
293 266 66 22 Verlage
371 265 63 23 erschien
447 265 62 22 früher

340 305 90 21 Greber,
447 306 92 22 Julius,

410 337 58 20 Lucie.

129 370 114 22 Dramatisches
256 370 90 19 Sittenbild
355 371 17 17 in
382 370 111 23 Straßburger
501 371 84 18 Mundart.
606 371 50 17 1896.
675 371 25 17 M.
716 371 13 16 1.
742 380 8 2 -

173 409 46 18 Lucie
225 409 19 22 ist
250 409 26 18 ein
282 409 142 22 Familiendrama,
432 409 30 17 das
474 408 170 23 Sudermann'sche
655 409 98 22 Hinterhaus

128 441 31 16 aus
176 439 27 17 der
215 438 41 21 Ehre
272 439 16 17 in
301 438 111 22 Straßburger
424 437 124 23 Verkörperung.
573 438 32 18 Ein
618 437 105 21 Kabinetstück
735 437 19 21 ist

128 467 109 22 insbesondere
250 467 23 18 die
286 467 89 22 Zeichnung
388 467 26 17 der
426 467 45 17 Lucie
481 480 98 4 ........

473 497 138 22 (Bürgerzeitung,
623 496 108 23 Straßburg.)

175 536 32 18 Die
215 535 111 22 Straßburger
335 535 79 18 Mundart
426 534 19 22 ist
457 535 37 21 hier,
507 540 36 17 zum
556 534 47 22 ersten
617 535 46 17 Male
675 535 79 22 vielleicht,

128 566 17 17 in
158 566 50 17 einem
221 564 60 22 ernsten
293 563 117 23 Bühnenstücke
421 565 83 16 verwandt
516 566 69 18 worden,
599 564 40 22 ohne
646 564 67 22 Zweifel
725 565 30 17 mit

128 593 65 23 Erfolg!
208 588 30 32 Der
248 588 78 32 Verfasser
339 592 18 21 ist
369 593 26 17 ein
408 593 78 21 starkes
498 593 153 22 dramatisches
664 593 90 21 Talent,

128 624 26 16 der
162 623 142 20 Hauptmanns
315 621 177 24 Beobachtungsschärfe
498 623 33 17 und
543 623 140 17 Sudermanns
692 624 62 17 drama-

129 651 40 24 tische
176 652 67 22 Keckheit
249 657 19 18 zu
279 651 82 20 verbinden
373 652 45 21 weiß,
430 652 26 18 der
466 652 40 23 ohne
512 652 42 18 allen
560 651 72 24 Zweifel,
644 658 46 12 wenn
698 657 16 13 er
723 652 32 19 hier

127 682 18 17 in
158 682 58 18 Berlin
228 682 39 18 lebte
279 682 33 18 und
325 683 29 17 mit
363 682 58 23 Clique
433 682 33 18 und
475 682 63 22 Claque
549 683 63 21 rechnen
624 682 60 19 würde,
697 682 57 18 binnen

128 711 67 23 Kurzem
210 712 33 17 eine
264 712 139 21 achtenswerte
419 711 80 23 Stellung
513 713 46 15 unter
575 711 29 18 den
619 711 135 22 augenblicklichen

128 740 112 18 Dramatikern
253 740 27 22 sich
293 745 77 17 errungen
383 740 46 19 hätte.
480 739 82 23 (Deutsche
574 740 75 23 Zeitung,
662 739 70 23 Berlin.)

175 778 38 18 Das
229 777 98 22 dramatische
340 777 91 18 Sittenbild
447 778 39 22 zeigt
503 779 33 17 uns
553 779 17 16 in
587 778 49 18 voller
651 778 104 23 Lebendigkeit

129 812 32 13 nur
172 807 42 23 allzu
227 807 73 18 bekannte
312 806 124 23 Schattenseiten
449 807 28 18 des
489 806 149 23 Großstadtlebens.

530 836 80 23 (Elsässer,
623 836 108 23 Straßburg.)

174 874 33 18 Die
219 874 92 22 Charaktere
324 874 34 22 sind
371 874 45 23 wahr
432 875 33 17 und
477 876 32 16 aus
521 874 35 18 dem
568 874 49 19 Leben
630 874 84 24 gegriffen,
731 874 24 18 die

129 903 67 19 Diktion
208 903 66 22 treffend
286 903 33 18 und
332 903 63 21 einfach.
445 903 76 22 (Elsässer
532 904 79 21 Journal,
624 904 109 22 Straßburg.)

175 945 33 18 Die
220 944 25 18 bis
258 949 35 18 zum
306 944 49 23 höchst
368 945 92 22 originellen
472 944 75 23 Schlusse
558 946 56 17 immer
626 945 44 23 mehr
683 944 73 23 fesselnde

129 973 99 23 dramatische
240 973 109 23 Entwicklung
361 973 19 22 ist
392 973 16 22 so
421 974 72 22 packend,
510 974 31 20 daß
558 974 26 18 der
596 974 63 18 Dialekt
675 974 80 23 eigentlich

129 1003 29 21 erst
169 1003 18 18 in
200 1003 60 22 zweiter
272 1002 44 19 Linie
327 1003 19 18 in
357 1003 52 23 Frage
421 1003 63 18 kommt.
559 1002 52 23 (Post,
623 1002 109 24 Straßburg.)

242 1054 34 23 Auf
288 1055 83 21 vielfachen
384 1055 67 23 Wunsch
463 1056 53 18 wurde
529 1056 64 23 hiervon
606 1056 33 18 eine
652 1055 104 23 hochdeutsche

130 1082 110 26 Übertragung
248 1090 38 13 vom
293 1084 78 23 Verfasser
383 1085 44 22 selbst
439 1085 106 22 veranstaltet,
557 1085 23 18 die
592 1086 17 17 in
618 1085 137 23 autographischen

130 1120 74 23 Abzügen
216 1122 38 20 noch
265 1121 18 19 in
295 1120 71 23 wenigen
374 1120 105 23 Exemplaren
492 1121 64 22 käuflich
569 1126 20 17 zu
601 1121 49 22 haben
663 1120 24 21 ist.

373 1150 48 22 Preis
433 1150 26 18 M.
473 1151 37 16 1.—

387 1204 65 24 Verlag
464 1207 34 16 von

144 1240 129 26 Schlesier
289 1240 16 21 &
320 1240 212 28 Schweikhardt,
547 1240 122 27 Straßburg
684 1240 16 23 i,
716 1240 24 22 E.
