1 1
421 124 24 3 —
472 110 25 22 13
525 124 24 4 —

435 166 76 24 SZENE
521 167 12 18 5

127 203 95 24 Suzanne,
232 203 49 18 Jean
292 205 50 21 Brey
357 205 19 19 (e
388 205 59 18 bissel
458 206 110 22 korpulent,
581 206 32 18 het
625 212 10 12 e
648 207 63 17 kleins
723 207 86 19 Köfferle
820 208 20 17 in

425 234 30 18 d’r
463 234 76 20 Hand).

129 265 71 18 BREY:
215 265 64 25 Tiens,
294 267 34 20 lüij
345 268 30 20 do,
392 267 17 18 d’
424 268 85 17 Mamsell
525 268 92 21 Suzanne,
632 269 47 17 läwe
694 269 31 17 Sie
741 274 23 12 au
781 269 62 18 noch?

176 293 33 17 Ich
224 293 37 18 hab
274 295 89 20 gedenkt,
377 296 19 16 in
411 295 43 17 dem
468 296 101 19 verlorene
581 296 73 18 Nescht
668 297 29 16 sin
711 297 31 17 Sie
755 302 30 12 am
798 298 43 17 End

176 320 62 18 schun
248 322 46 21 lang
303 322 96 21 g'storwe.

128 349 119 18 SUZANNE:
261 350 30 17 Un
306 351 24 17 do
343 351 38 17 han
392 352 33 17 Sie
439 356 33 13 zue
485 352 74 18 minere
573 353 56 17 Licht
641 353 78 18 kumme
732 354 61 17 welle.

128 377 71 19 BREY:
215 377 31 18 Sie
262 378 63 18 henns
339 381 85 19 geroote.
440 380 33 17 Ich
488 380 38 17 hab
543 385 80 16 express
639 381 23 17 de
676 381 61 18 Gibus
752 387 29 12 em
797 381 45 18 Köf-

176 405 47 18 ferle
235 406 147 20 mitgebroocht.

128 433 118 18 SUZANNE:
261 434 46 18 Dies
322 435 47 17 esch
384 437 40 15 nett
438 440 39 13 vun
492 415 53 48 Inne.
560 436 34 18 Sin
608 436 32 18 Sie
655 442 38 12 vun
709 438 34 17 der
758 437 48 18 Gare
821 442 20 12 ze

175 462 59 17 Fuess
244 462 90 18 kumme?

128 490 70 18 BREY:
211 490 34 22 Ne,
258 490 62 17 leider
332 491 65 18 Gottes
409 492 34 17 mit
456 497 30 12 em
499 492 51 18 Velo.
563 483 45 27 Dies
621 493 29 17 sin
663 493 116 18 verdammti
792 493 49 21 Waij

176 518 24 17 do
216 518 60 18 hinte.
291 519 22 16 D’
328 518 45 18 halb
388 520 37 17 Zitt
441 520 83 18 haw’ich
540 521 14 17 ’s
570 521 41 17 Rad
626 521 75 18 drucke
716 523 64 16 muen.
807 521 35 17 Ich

173 546 80 18 schwitz
267 551 52 12 awer
331 546 37 22 jetz
381 552 30 16 au,
424 547 38 18 ken
474 548 105 18 drucketer
592 549 51 17 Fade
656 548 85 18 haw’ich
755 549 44 17 meh
812 549 31 17 uff

175 580 30 12 em
220 574 46 18 Lieb
283 574 79 18 (wischt
376 575 42 17 sich
431 576 20 18 d'
465 576 52 18 Stirn
531 577 42 19 ab).

128 603 117 19 SUZANNE:
258 603 28 17 Do
298 603 25 17 tät
335 603 32 17 ich
379 608 24 12 an
415 603 64 18 Ihrem
490 604 52 18 Platz
554 605 52 20 glich
618 604 45 18 nuff
673 605 49 20 gehn
733 610 28 12 un
773 605 69 17 schan-

176 631 81 18 schiere.

129 659 71 19 BREY:
213 659 45 20 Nee,
272 663 41 16 nee,
326 658 31 18 die
370 659 112 21 Geleijeheit
496 665 9 13 e
518 661 40 17 mol
572 660 142 21 ung’stört
679 654 37 31 mit
727 661 49 19 Ihne
787 661 57 17 bable

175 693 21 12 ze
208 687 69 20 kenne,
288 686 40 18 will
340 686 33 18 ich
385 686 36 18 m'r
430 687 53 18 doch
497 688 28 17 nit
537 688 83 21 entgehn
632 688 39 19 lon.
684 688 102 18 Schunsch
798 689 44 17 isch

175 717 19 20 jo
209 715 50 18 doch
274 715 81 18 allewiel
370 720 10 12 e
394 715 61 18 Tante
469 715 65 18 hinter
546 716 48 18 Ihne
609 716 52 21 here,
675 716 49 18 oder
738 716 29 19 d’r
780 716 62 19 Oscar

176 742 139 19 scharwenzelt
331 747 32 13 um
380 743 31 17 Sie
427 743 75 19 herum.
530 744 42 18 Wie
586 744 62 21 geht's
663 745 54 18 denn
732 744 27 18 im
769 745 73 21 Oscar,

175 771 82 19 macht'r
269 771 47 17 brav
327 771 118 19 Gedichtle?

127 800 119 19 SUZANNE:
260 799 46 18 Dies
318 799 58 17 weiss
388 799 33 17 ich
434 800 34 20 nit,
480 804 21 13 er
513 800 36 17 lest
561 800 37 17 m’r
610 800 60 17 kenni
682 800 54 25 vor.

129 834 71 18 BREY:
216 834 25 17 Er
256 833 57 17 weiss
328 832 73 17 w'rum.
416 832 31 18 Sie
461 833 38 17 täte
514 838 24 12 ne
553 833 18 20 jo
588 833 52 18 doch
654 838 78 13 numme
748 833 95 18 üsslache.

175 863 47 17 Ihne
238 861 42 18 isch
296 861 42 17 dies
352 862 137 19 uewerspannt
505 861 74 18 Gedues
592 861 50 21 grad
657 866 21 12 so
694 861 95 18 zewieder
803 862 38 18 wie

175 891 43 18 mir.
232 890 31 18 Sie
276 894 55 16 passe
344 893 10 13 e
367 893 21 13 su
401 888 51 18 weni
463 893 55 13 zuem
532 889 66 21 Oscar,
610 893 21 13 as
643 889 38 18 wie
694 894 10 13 e
717 889 43 18 Küh
773 894 46 13 zuer
831 895 10 12 e

174 919 81 21 goldene
268 917 58 19 Uehr.

126 953 118 19 SUZANNE:
258 952 40 18 Was
308 951 51 18 rede
370 950 32 18 Sie
415 950 37 18 do?

126 987 72 18 BREY:
210 986 56 18 Stelle
278 985 31 18 Sie
321 984 42 18 sich
375 984 29 17 nit
414 988 11 13 e
438 988 21 13 so
470 983 73 18 dumm.
555 983 34 18 Ich
601 984 58 17 weiss
669 984 54 17 doch
734 989 54 16 weye
800 989 41 13 was

172 1015 32 18 Sie
218 1015 24 18 do
256 1014 46 18 here
315 1012 84 23 g’füehrt
411 1016 53 14 wore
476 1012 37 18 sin.
526 1012 36 17 Die
575 1012 48 17 zwei
636 1011 42 18 Alte
691 1012 56 18 welle
760 1012 31 18 Sie
805 1012 36 18 mit

177 1048 30 13 em
221 1043 61 18 Oscar
295 1041 111 23 verkupple,
421 1045 52 13 awer
487 1040 32 17 ich
533 1040 38 18 hab
585 1040 52 22 glich
652 1040 88 22 gedenkt,
754 1040 45 18 dass
811 1040 32 18 Sie

175 1077 24 12 ne
213 1072 28 17 nit
255 1075 81 13 nemme.
349 1069 28 18 Im
389 1069 53 18 Büür
454 1068 61 21 g’hert
526 1068 135 21 Hawerstroh,
674 1073 25 12 un
713 1068 26 17 im
752 1068 88 18 Suzanne

174 1099 62 22 g’hört
250 1105 10 12 e
272 1100 57 17 Mann
342 1098 37 18 wie
391 1102 53 13 zuem
456 1097 59 23 passt.

126 1134 119 18 SUZANNE:
259 1133 35 22 Ah,
308 1138 26 12 un
347 1136 41 14 was
401 1131 36 18 soll
450 1131 53 17 denn
516 1130 54 18 diess
584 1129 31 18 for
629 1134 10 13 e
652 1129 59 19 Mann
725 1130 42 18 sin?

125 1167 72 19 BREY:
215 1168 68 20 Tenez,
301 1165 143 19 Mademoiselle
459 1165 95 19 Suzanne,
572 1163 108 18 versteckle
697 1163 37 17 m’r
751 1168 36 13 uns.
805 1163 35 18 nit.

174 1195 31 18 Sie
218 1195 64 21 wisse,
294 1195 46 17 dass
353 1194 33 18 ich
398 1198 23 13 en
433 1193 29 17 Au
474 1192 30 18 uff
517 1192 31 18 Sie
560 1191 85 22 geworfe
657 1191 51 18 hab?
