1 1
468 129 23 3 —
527 116 13 20 8
573 127 25 3 —

176 177 50 17 Mme
236 174 172 20 SCHWEBERLE:
419 173 35 22 Ne,
465 177 30 16 ne,
507 173 49 17 Mme
567 171 132 19 Lewermann,
710 168 32 18 ich
753 169 48 17 wott
813 171 78 14 numme

224 204 35 21 nit,
271 204 45 17 dass
326 203 32 18 Sie
371 202 43 17 sich
425 200 109 19 lächerlich
547 198 73 18 mache.

178 232 110 19 SCHAKOB
305 232 35 18 (im
354 229 133 22 Hintergrund
501 227 93 19 briehlt):
609 225 37 19 He!

177 261 50 18 Mme
240 259 156 19 LEWERMANN
413 257 106 21 (krischt):
534 255 39 18 Uh!

178 290 50 17 Mme
243 287 172 19 SCHWEBERLE:
431 286 45 18 Was
491 284 78 18 krische
584 283 50 17 denn
650 287 21 12 er
686 286 10 12 e
710 282 33 17 so?

180 317 119 19 SCHAKOB:
313 316 23 18 Ei
347 316 48 17 dass
409 319 21 13 ar
444 313 26 18 mi
484 313 50 17 hört.

179 346 50 18 Mme
241 343 173 20 SCHWEBERLE:
427 342 51 21 Wer,
489 341 32 18 er?

180 374 120 18 SCHAKOB:
315 373 38 17 Der
367 372 38 17 wie
419 370 49 18 euch
482 368 69 22 g’hört.

180 403 49 17 Mme
240 400 172 19 SCHWEBERLE:
424 399 28 17 Ah
463 398 40 17 min
512 396 60 20 Sohn,
583 400 21 12 er
614 394 46 18 esch
669 394 37 21 jetz
716 393 47 21 grad
774 393 28 17 nit
813 393 31 20 do,
854 396 40 14 was

229 429 75 18 welle'n
318 428 33 18 Ihr
365 428 50 17 denn
429 425 74 19 mit'm?

181 458 118 19 SCHAKOB:
313 457 45 18 Dies
372 455 40 18 will
426 455 6 17 i
446 454 27 18 im
488 452 68 19 sälwer
570 451 51 21 säuje
637 445 52 29 (ab).

181 488 50 16 Mme
246 484 173 20 SCHWEBERLE:
435 482 45 18 Was
495 481 39 17 han
550 484 41 13 mer
605 479 46 21 grad
667 478 77 21 geredt?

182 516 49 18 Mme
246 512 163 20 LEWERMANN:
425 511 34 18 Ich
474 509 58 18 weiss
546 508 67 19 nimmi
628 506 84 19 ereecht.

182 550 49 17 Mme
247 546 173 22 SCHWEBERLE:
436 544 34 18 Ich
485 542 52 18 mein
554 546 45 13 vum
615 540 93 18 Suzanne.

182 583 49 17 Mme
245 580 163 19 LEWERMANN:
423 579 22 17 Ja
459 582 25 13 un
498 581 45 12 vum
556 575 67 18 Oscar.

183 612 49 21 Mme
248 613 172 20 SCHWEBERLE:
435 613 26 17 Es
476 610 43 18 isch
536 608 50 18 doch
600 613 25 12 au
639 608 33 17 Ihr
686 602 92 27 Wunsch,
804 606 47 18 dass
865 605 32 19 die

233 643 47 18 zwei
293 648 9 12 e
314 642 50 18 Paar
375 640 64 19 wäre?

184 678 49 17 Mme
248 675 164 19 LEWERMANN:
426 673 79 20 Gewiss,
520 671 32 18 ich
567 670 42 18 tät’s
622 670 20 22 jo
656 674 21 13 so
689 673 46 17 gere
749 668 47 18 sehn
810 668 38 18 wie
862 667 36 18 Sie.

233 705 57 17 Awer
305 704 32 17 ich
351 707 64 13 muess
429 702 48 17 Ihne
492 699 51 19 doch
559 703 68 16 saawe,
642 698 18 18 d’
673 697 88 18 Suzanne
776 697 32 17 het
818 695 56 18 noch
888 700 11 12 e

234 731 122 23 prétendant,
370 731 30 18 d’r
412 731 50 17 Herr
475 730 58 21 Brey;
549 727 31 18 Sie
594 726 63 18 kenne
669 730 25 13 ne
707 725 25 21 jo.

185 767 49 17 Mme
249 765 174 19 SCHWEBERLE:
437 764 39 17 Der
489 762 43 17 isch
546 760 50 18 doch
609 759 38 18 viel
661 764 21 13 ze
695 759 27 17 alt
734 758 31 18 for
778 759 16 17 ’s
807 758 93 18 Suzanne.

236 795 56 16 Awer
303 793 65 18 raison
381 793 23 17 de
416 792 48 23 plus,
477 790 44 18 dass
532 792 41 14 mer
587 788 30 18 die
630 787 49 18 Sach
691 787 20 17 in
724 786 94 21 Ordnung
830 786 73 20 bringe.

234 823 63 17 Finde
309 821 31 18 Sie
353 821 28 17 nit
393 826 30 15 au,
432 820 48 17 dass
492 824 20 12 es
524 822 33 17 gar
569 816 28 18 nit
609 815 95 18 vorwärts
714 814 46 22 geht
772 815 34 17 mit
819 815 36 22 ne?

186 857 49 17 Mme
253 854 164 19 LEWERMANN:
434 853 23 18 D’
473 852 88 18 Suzanne
590 849 51 18 findt
658 849 36 17 den
711 848 61 18 Oscar
800 848 41 17 halt
868 851 34 14 zue

236 882 205 22 uewerschwänglich.

188 918 49 18 Mme
253 916 173 20 SCHWEBERLE:
441 916 31 18 Un
488 919 27 16 er,
528 913 31 18 d’r
574 912 66 20 Oscar,
667 910 51 18 findt
732 910 20 18 d’
766 910 89 18 Suzanne
882 914 21 13 ze

234 945 111 18 nuechtere.
359 945 76 17 Könnte
448 943 64 18 Sen’m
527 942 51 17 denn
592 940 29 17 nit
639 944 5 13 e
658 938 58 19 Wink
729 943 57 16 genn,
800 938 45 18 dass
859 943 25 18 es
893 942 10 13 e

237 974 59 18 bissel
309 973 112 23 poetischer
436 972 35 18 soll
481 970 35 19 sin
530 969 36 18 mit
580 968 42 18 em?

189 1009 49 17 Mme
251 1005 165 22 LEWERMANN:
432 1000 66 25 Saawe
514 1003 31 19 Sie
558 1002 53 19 doch
624 1002 68 17 liewer
706 1006 30 13 em
751 1000 67 21 Oscar,
832 1005 21 13 er
868 999 36 18 soll

237 1041 11 13 e
262 1035 60 19 bissel
336 1033 126 23 prosaischer
476 1032 36 19 sin.

189 1071 49 17 Mme
251 1068 172 20 SCHWEBERLE:
437 1067 33 18 D’r
481 1066 61 19 Oscar
554 1065 47 18 losst
614 1063 42 18 sich
668 1068 38 13 vun
718 1068 42 13 mer
770 1067 36 17 gar
818 1062 35 18 nix
863 1066 41 14 saa-

235 1103 37 16 we;
285 1102 53 13 awer
348 1096 59 19 wisse
419 1095 31 18 Sie
461 1095 53 18 was?
524 1094 33 18 Sie
569 1093 73 18 könnte
655 1091 50 18 emol
715 1091 37 18 mit
763 1096 31 13 em
806 1091 53 22 rede,
871 1089 33 19 ich

238 1127 38 17 hab
287 1125 62 18 schun
360 1124 28 18 oft
398 1123 102 21 bemerikt,
512 1122 31 18 Sie
554 1122 38 17 han
604 1126 10 13 e
624 1125 77 17 grosser
711 1119 73 18 Influss
794 1119 22 18 uf
826 1119 36 19 'ne.
874 1118 31 18 Sie

239 1155 73 17 könnte
322 1158 10 13 e
344 1152 60 18 bissel
416 1157 30 12 am
458 1151 70 21 stupfe,
537 1150 47 18 dass
596 1154 20 13 er
628 1148 42 18 sich
682 1148 75 18 ehnder
767 1147 103 18 decidiert.

191 1184 50 17 Mme
255 1181 164 19 LEWERMANN:
433 1180 45 18 Diss
492 1179 41 18 will
548 1178 32 18 ich
594 1182 46 17 gern
655 1178 51 19 tuen,
721 1181 53 13 awer
787 1175 24 18 ob
826 1175 33 18 ich
873 1175 33 18 ebs

240 1210 97 19 üssricht?
