1 1
474 127 24 3 —
527 113 76 21 14
577 101 30 39 —

180 172 118 18 SUZANNE:
312 171 34 18 Ah.

181 200 71 18 BREY:
269 201 28 16 Un
315 200 37 16 mir
368 199 46 16 zwei
431 199 37 16 täte
485 197 111 17 zuenander
612 201 62 17 passe,
689 196 37 17 wie
742 200 10 12 e
768 196 49 16 Paar
832 194 64 18 Händ-

230 229 62 16 schih.
322 228 34 17 M’r
373 227 29 16 sin
421 226 50 17 kenn
490 225 133 21 üwerspannti
642 224 142 21 Sternegickler
813 223 37 18 wie
868 222 30 18 d’r

230 257 68 20 Oscar;
315 256 36 16 m'r
366 256 29 16 sin
411 254 84 18 zefriede
512 259 20 11 so
547 254 44 19 lang
605 257 31 13 ass
651 252 36 17 m'r
700 254 44 19 guet
758 256 41 13 esse
814 256 26 12 un
855 252 42 19 guet

231 285 63 17 trinke
311 290 23 11 un
352 285 42 19 guet
411 282 88 18 schloofe
514 282 69 20 kenne,
599 287 24 12 un
639 281 58 23 pfiffe
712 280 30 17 uff
757 280 73 20 Poesie,
846 278 51 18 Ideal

231 319 24 11 un
273 313 24 17 all
312 313 44 16 dies
372 310 163 19 G'schlamassels.

234 342 42 18 (D'r
292 341 60 17 Oscar
369 340 98 18 erschient
496 338 29 18 uff
542 338 29 17 d’r
587 337 47 18 Szen
651 337 50 17 ohne
718 342 37 12 vun
773 336 36 17 den
827 336 71 17 andere

231 370 66 20 g’sähn
312 373 19 13 ze
345 368 66 19 wäre.)

184 398 119 18 SUZANNE:
318 398 28 18 Ja,
362 397 33 17 des
411 396 42 17 isch
470 396 46 17 alles
531 394 60 18 schön
608 399 24 12 un
648 394 52 20 guet;
729 398 51 12 awer
794 392 32 18 Sie
840 397 58 12 muen

233 426 50 17 doch
298 425 95 20 bedenke,
410 425 49 16 Herr
475 424 54 21 Brey,
545 424 44 16 dass
605 427 41 12 mer
662 422 28 17 nit
705 425 77 13 numme
798 425 9 12 e
823 420 77 20 Körper

233 454 46 19 han;
294 454 35 16 m'r
342 454 37 16 han
394 458 23 12 au
431 452 51 17 noch
496 457 9 12 e
519 451 77 18 Geischt
609 455 25 13 un
648 455 10 12 e
671 450 84 18 Gemuet.

185 482 69 18 BREY:
269 482 47 17 Plän
331 486 37 13 vun
381 480 62 19 Paris.

185 516 119 18 SUZANNE:
316 516 29 17 Un
357 520 57 12 wenn
426 514 36 17 m'r
473 515 35 16 satt
521 513 40 17 isch
574 518 25 12 un
610 511 139 21 üssg’schloofe
759 511 39 20 het,
807 511 26 17 do
845 509 55 18 sehnt

234 545 35 16 m'r
283 544 41 17 sich
340 544 49 17 doch
404 542 50 18 noch
468 542 33 17 ebs
513 541 115 18 Höcherem.

186 578 70 18 BREY:
271 578 28 20 Ei,
314 583 37 12 noo
365 577 51 17 kann
432 576 36 17 m’r
482 575 18 22 jo
514 576 50 17 emol
578 574 35 18 mit
627 579 29 12 em
671 573 92 23 Zeppelin
780 572 60 18 fahre.

186 612 119 18 SUZANNE:
319 612 30 17 Sie
363 610 90 18 verstehn
466 609 53 18 mich
532 609 35 20 nit,
579 609 49 17 Herr
640 609 55 19 Brey.
708 607 41 17 Han
762 606 31 18 Sie
805 606 51 17 denn
869 609 33 17 gar

235 641 50 17 kenn
302 640 96 18 Fantasie.
414 639 42 17 Han
473 638 31 17 Sie
521 637 50 17 noch
587 637 31 16 nie
634 636 19 16 in
670 633 34 19 ere
718 635 50 18 helle
783 633 119 18 Mondnacht

236 674 9 11 e
261 668 107 18 Sehnsucht
384 667 77 17 noch’m
477 666 52 17 Ideal
544 664 117 21 g’schpiert?

189 702 70 18 BREY:
277 702 87 17 B'huetes
380 701 50 21 Gott,
446 700 37 17 wie
499 699 76 17 kumme
592 698 49 17 denn
659 697 30 17 Sie
704 697 40 16 mir
758 696 47 17 vor?
819 694 35 18 Ich
869 694 34 18 bin

234 730 54 18 doch
299 730 38 17 ken
352 729 124 18 Katzeroller.

189 764 119 19 SUZANNE:
323 764 29 17 Un
368 764 38 16 han
423 763 30 17 Sie
469 761 42 17 sich
527 760 50 18 noch
593 760 32 17 nie
639 764 24 13 an
678 764 41 12 eme
735 758 73 18 schöne
823 757 81 19 Gedicht

237 792 142 21 begeischtert?

189 826 71 18 BREY:
276 826 40 17 Lon
330 825 53 18 doch
399 825 30 17 Sie
444 824 53 17 mich
513 824 18 16 in
547 823 69 17 Friede
632 822 33 17 mit
681 822 43 18 dem
740 821 89 20 Gedings.
843 820 62 18 Wenn

237 855 31 16 ich
283 859 10 12 e
308 854 51 20 freiji
375 854 60 17 Stund
452 853 44 19 hab,
512 851 51 18 trink
579 851 31 17 ich
626 850 66 18 liewer
705 855 10 11 e
730 848 97 21 Schöppel
842 848 19 17 in
877 847 29 17 d’r

238 883 93 17 Taverne.

194 916 118 18 SUZANNE:
327 916 28 17 Do
369 916 29 17 sin
414 915 31 17 Sie
459 919 20 12 ze
494 914 78 20 bedüre,
586 913 50 17 Herr
648 913 55 21 Brey.
717 911 64 17 Wenn
792 910 31 17 Sie
838 909 71 19 wisste,

240 945 37 17 wie
293 944 59 17 schön
369 949 25 15 es,
409 948 35 15 par
460 942 93 20 exemple,
568 946 30 12 am
613 940 60 20 Morje
688 939 49 22 isch,
752 943 57 12 wenn
823 937 20 18 d'
858 937 49 18 Welt

240 978 33 12 eso
286 972 61 17 frisch
363 972 23 17 do
399 971 39 21 lejt,
452 971 17 16 d’
483 968 187 22 Vergissmeinnicht
682 972 26 12 un
723 967 17 17 d’
751 966 116 22 Morjestern
881 966 26 16 im

240 1002 40 16 Tau
290 1001 73 20 glänze,
373 1005 25 12 un
410 999 29 17 d’r
450 999 105 19 Sunnegott
567 997 52 16 sinni
629 996 73 17 Rösser
712 994 71 18 lenkt...

193 1034 75 18 OSCAR
286 1034 90 20 (schnell,
391 1033 70 17 stüerzt
476 1036 35 12 vor
524 1031 87 17 Suzanne
624 1029 31 18 uff
669 1029 17 17 d’
700 1028 69 19 Knie):
785 1028 14 18 O
814 1028 94 20 Suzanne,

241 1062 37 17 wie
292 1062 67 18 schön,
372 1061 37 17 wie
423 1059 163 23 unüssprechlich
601 1058 60 17 schön
675 1058 25 17 dü
713 1056 65 21 geredt
792 1056 67 21 hesch,
872 1056 37 18 wie

243 1090 95 22 poetisch.
349 1090 40 17 Jetz
401 1089 24 17 ha
436 1088 51 18 wich
499 1088 31 17 die
543 1087 40 17 Seel
596 1085 83 22 g’funde,
690 1085 37 18 wie
739 1090 33 12 zue
784 1085 74 17 minere
871 1084 41 17 Seel

243 1120 70 19 passt...

194 1152 63 18 BREY
272 1152 41 19 (für
326 1151 62 19 sich):
401 1151 28 17 Ah
442 1150 66 20 Matin,
522 1149 24 17 do
558 1148 34 18 bin
605 1147 32 18 ich
648 1147 19 21 jo
679 1152 108 12 sozesaawe
799 1146 111 19 uewerflüs-

243 1181 35 21 sig,
293 1180 14 17 ’s
323 1180 41 16 isch
380 1184 29 12 am
425 1178 79 17 beschte
519 1177 32 17 ich
566 1176 37 21 geh
632 1175 34 17 nuf
681 1180 25 12 un
734 1175 111 20 schangier;
874 1174 36 21 jetz

241 1208 79 23 schpier
334 1208 31 16 ich
378 1207 86 17 ererscht
479 1206 44 17 dass
537 1205 31 17 ich
582 1210 9 12 e
605 1209 66 12 nasses
683 1203 62 18 Hemb
759 1203 37 19 hab
812 1203 51 19 (ab).
