1 1
421 136 23 2 —
472 124 73 19 19
523 120 25 29 —

126 171 49 17 Mme
190 172 163 21 LEWERMANN:
368 176 20 17 D'
403 176 86 19 Suzanne
504 179 33 16 Ihr
549 180 64 18 Ideal?
627 182 51 17 Höre
691 182 37 21 Sie,
739 184 43 17 dies
796 185 43 17 isch

174 204 52 13 awer
237 201 51 17 doch
300 207 53 13 zuem
364 204 69 19 Lache.
445 205 15 17 ’s
471 205 86 20 Suzanne
568 208 52 17 kann
633 209 30 18 for
675 210 61 18 kenne
748 212 90 18 Mensche

174 233 9 12 e
197 228 52 17 Ideal
263 230 36 20 sin,
314 235 19 12 es
348 232 42 17 isch
404 234 93 17 materiell
512 240 39 13 was
565 236 37 17 m'r
615 238 95 17 materiell
724 234 65 23 heisst.

125 255 85 18 OSCAR:
225 257 65 18 Saawe
304 258 30 17 Sie
346 260 44 17 dies
405 261 33 22 nit,
452 267 22 12 en
490 262 69 22 einzigi
571 264 62 18 Minüt
647 265 44 18 haw
705 267 31 17 ich
751 268 19 17 in
785 269 52 17 sinni

173 283 42 18 Seel
228 285 34 17 nin
276 285 74 24 g’sehn;
367 293 52 12 awer
432 289 36 20 jetz
482 290 42 18 isch
539 296 19 12 se
572 292 63 18 wider
648 297 47 17 ganz
710 296 126 18 verschlosse.

124 311 49 17 Mme
188 312 163 21 LEWERMANN:
368 317 76 17 Glauwe
460 318 30 17 Sie
506 324 46 16 mer,
567 320 66 21 Oscar,
662 326 20 13 es
697 323 41 17 isch
754 328 33 16 gar
803 325 33 17 nix

173 339 75 19 drinne.
264 342 61 18 Meine
340 343 31 18 Sie
387 344 57 21 denn,
459 346 44 18 dass
517 347 15 17 ’s
547 347 88 18 Suzanne
650 354 24 12 an
690 351 32 17 ebs
737 351 99 18 Höcheres

172 367 63 22 denkt,
250 370 44 16 dass
307 376 20 12 es
341 376 37 12 nur
391 373 72 17 einmol
476 378 9 13 e
498 375 82 18 Gedicht
594 376 48 18 lest?

123 395 75 18 OSCAR
216 396 90 22 (trürig):
333 399 23 17 Ja
371 400 32 17 ich
418 401 57 17 weiss
489 403 58 20 wohl,
562 408 19 12 es
596 405 35 16 lest
645 405 67 18 liewer
727 407 14 16 ’s
754 408 80 17 Woche-

171 423 71 18 blättel.

172 451 96 19 (Suzanne
280 454 98 18 erschient
392 456 50 18 ohne
455 462 29 12 ass
497 459 35 16 m'r
545 459 31 17 ins
588 456 64 31 sieht.)

121 484 48 17 Mme
184 485 164 21 LEWERMANN:
363 489 29 21 Jo,
405 491 138 19 d'allerletschte
563 494 120 21 Nejichkeite
710 496 122 17 interessiere

169 513 31 17 ins
214 514 64 18 allein.
292 515 34 18 Ich
342 522 32 13 saa
387 518 54 21 Ihne,
455 519 14 17 ’s
481 520 88 18 Suzanne
584 522 42 17 isch
641 523 18 16 d’
673 520 159 29 personnifiziert

168 541 64 18 Prosa.
246 542 24 17 Es
284 545 38 16 tuet
336 545 33 18 nix
382 546 27 17 als
423 552 47 17 esse,
484 548 62 18 trinke
559 554 25 13 un
597 550 93 18 schloofe.

119 568 85 18 OSCAR:
218 570 28 17 Un
259 571 81 20 schaffe.
353 574 91 21 Vergesse
457 576 29 17 Sie
499 577 41 17 dies
553 578 33 19 nit,
598 578 88 17 Madame
698 575 133 29 Lewermann,

167 597 15 17 ’s
197 597 88 20 Suzanne
303 600 42 18 isch
363 601 69 19 immer
449 603 116 22 b’schäftigt.
583 605 95 18 Uewerall
693 606 39 18 wie
748 607 15 18 ’s
781 613 50 12 anne

169 625 78 22 kummt,
263 627 66 18 findt’s
345 630 32 17 ebs
392 635 20 12 ze
429 631 79 21 schaffe,
523 638 25 11 un
564 634 72 16 wenn’s
653 639 75 12 numme
744 640 9 12 e
768 636 64 17 Stuehl

163 655 46 18 grad
223 655 49 17 stellt
284 656 48 17 oder
343 662 9 11 e
364 657 113 23 Tischteppi
490 659 81 18 uffhebt.

117 680 49 18 Mme
182 682 163 20 LEWERMANN:
374 685 56 17 Awer
446 692 38 12 vun
500 688 67 17 Poesie
584 688 47 17 het's
647 689 50 18 kenn
714 686 115 32 Schimmer.

164 709 62 18 Meine
237 711 38 20 Sie,
289 716 19 12 es
321 712 42 17 isch
376 718 77 13 numme
466 716 85 19 capawel
564 716 33 17 Ihr
608 717 82 18 Gedicht
702 723 24 12 an
740 719 17 17 d'
770 719 59 20 Luna,

165 737 36 17 wie
216 737 30 18 Sie
261 738 35 18 hitt
311 740 87 20 gemacht
413 741 45 22 han,
472 748 20 11 ze
507 744 103 17 verstehn?

116 765 84 17 OSCAR:
213 766 35 20 Oh,
261 766 33 17 des
306 767 32 17 het
351 768 34 17 nix
397 769 21 16 uf
429 769 48 18 sich.

115 793 49 17 Mme
179 793 161 19 LEWERMANN:
356 795 52 18 Oder
421 796 73 20 glauwe
509 798 37 21 Sie,
561 800 44 17 dass
619 805 21 13 es
654 801 20 17 in
689 801 50 18 stille
753 802 74 17 Näächt

164 821 33 17 mit
210 821 48 17 Ihne
271 821 23 17 de
307 821 148 20 Sternehimmel
468 825 64 21 anlüje
546 831 25 12 un
584 827 43 18 sich
639 829 91 17 nooch’m
742 830 85 17 Höchste

160 849 59 17 sehne
232 849 67 17 word?

112 878 85 18 OSCAR:
211 877 46 20 Ach,
271 877 32 17 ich
318 878 50 17 denk
381 879 36 17 m'r
430 880 42 21 jetz,
487 881 30 17 ich
532 882 42 17 tät's
588 887 44 16 gere
647 884 87 17 schloofe
747 885 39 17 lon.
800 885 24 18 So

161 911 9 12 e
184 905 95 21 g'sunder,
294 905 138 22 unschuldiger
446 907 80 19 Schloof
539 909 42 18 isch
595 915 22 12 au
630 911 74 18 Poesie.

112 936 49 16 Mme
174 932 162 19 LEWERMANN:
350 934 30 17 Un
392 935 32 17 nie
436 936 56 17 wär’s
505 937 25 16 im
544 937 59 18 Stand
617 938 17 17 d’
647 939 132 20 majestätisch
792 941 32 17 Er-

160 961 95 19 haweheit
270 966 25 12 vu
311 966 29 12 me
356 961 144 23 Sunneuffgang
515 969 21 12 ze
551 965 122 19 bewundere.

111 992 85 17 OSCAR:
210 990 65 18 B’huet
289 994 20 12 es
323 989 48 20 Gott,
386 990 32 17 ich
432 991 57 17 wor’s
500 992 53 17 doch
568 993 28 17 nit
611 994 18 16 in
645 994 47 17 aller
705 995 59 23 Frühj
779 997 45 16 nüs-

160 1020 66 17 fuehre
239 1017 73 18 wenn’s
325 1018 46 17 Gras
384 1018 51 17 noch
448 1024 10 11 e
470 1024 21 12 so
505 1025 44 13 nass
562 1021 48 18 isch.
623 1022 51 17 Sehn
688 1022 36 21 Sie,
736 1023 87 18 Madame

160 1048 131 19 Lewermann,
308 1045 42 17 isch
368 1046 42 16 zelli
427 1047 65 17 Bluem
509 1049 73 20 wenjer
599 1049 71 18 schoen
688 1051 40 16 will
745 1056 19 13 se
781 1057 42 12 ver-

156 1075 96 19 zwurzelti
267 1074 57 18 Bried
340 1073 72 18 heisst?
439 1075 46 20 Ach,
500 1080 9 12 e
524 1081 21 12 so
560 1081 9 12 e
584 1078 146 18 verzwurzeltes
744 1079 77 18 Briedel

158 1105 41 17 isch
216 1109 23 13 au
255 1103 39 17 min
311 1102 93 17 Suzanne.
419 1107 9 12 s
443 1102 42 17 isch
501 1103 84 22 einfach,
602 1105 115 22 nadierlich,
733 1107 88 18 viellicht

158 1138 23 12 au
192 1131 101 22 prosaisch
303 1141 25 3 —
338 1134 52 13 awer
399 1135 9 12 e
419 1130 71 21 liewes,
501 1131 87 21 herziges
597 1133 86 17 Bluemel
694 1134 59 18 isch’s
764 1135 56 18 doch.

106 1165 112 19 SUZANNE
232 1166 83 19 (kummt
327 1163 73 18 schnell
413 1163 51 17 noch
475 1164 81 20 vorne):
569 1165 47 21 Ach,
629 1166 68 22 Oscar;
710 1168 36 17 wie
759 1169 61 18 schön

157 1194 25 18 dü
195 1194 35 21 jetz
244 1193 75 20 redsch,
331 1191 37 18 wie
381 1191 93 20 poetisch.
