1 1
424 116 29 12 —
485 108 15 22 7
530 119 30 11 —

131 163 50 18 Mme
194 164 157 18 LEWERMANN
368 164 90 21 (gähnt):
473 166 35 17 M'r
522 165 53 18 kann
591 166 52 17 doch
657 167 29 17 nit
699 167 26 18 de
739 171 59 17 ganze
812 168 41 17 Daa

181 192 94 18 schloofe,
285 193 36 17 Am
335 192 58 18 niene
403 193 52 21 gehn
467 194 37 17 m’r
515 194 19 21 jo
547 194 63 18 schun
622 195 21 17 in
656 194 15 18 ’s
681 195 50 21 Bett,
742 200 31 13 am
785 196 68 17 aachte

180 220 83 18 schtehn
274 221 37 17 m'r
322 221 36 21 uff,
369 221 25 18 do
405 221 45 19 haw
460 222 33 17 ich
504 222 52 18 noch
567 228 30 13 em
606 223 47 17 Esse
664 228 35 16 gar
707 224 53 17 kenn
772 224 81 18 Schloof

175 244 60 34 meh.

130 278 49 17 Mme
196 278 174 18 SCHWEBERLE:
398 278 32 18 Sie
447 276 106 21 ambetiere
570 280 43 17 sich
628 285 12 12 e
656 280 66 21 bissel,
738 281 29 17 nit
783 281 68 18 wohr?

180 306 60 17 Awer
246 306 45 18 dies
304 306 56 18 Läwe
374 306 74 18 schlaat
461 312 24 13 ne
497 309 44 19 guet
554 313 31 12 an.
599 308 31 18 Sie
643 309 52 17 wäre
708 309 36 18 alle
756 309 42 18 Daa
810 310 43 20 jün-

179 338 41 18 ger;
236 334 66 18 erscht
316 335 67 21 gescht
397 336 34 17 bin
446 336 33 17 ich
493 336 66 21 g’fröjt
572 341 53 14 wore
640 337 37 18 wie
693 337 26 18 alt
733 342 21 13 as
768 337 32 19 Sie
809 338 43 21 sin,

179 368 26 12 un
220 363 38 17 wie
272 363 33 18 ich
318 363 57 22 g’sait
388 364 39 17 hab
442 365 66 22 vierzi,
524 365 43 19 do…

130 391 50 17 Mme
198 391 165 21 LEWERMANN:
381 392 142 22 Achtedrissig.
541 393 67 18 Bscht!
640 394 31 17 Sie
688 394 74 18 brüche
780 400 73 13 uewer-

177 420 61 22 haupt
251 420 44 17 dies
310 421 29 17 nit
352 425 11 12 e
378 425 21 13 so
413 421 36 18 lütt
463 426 20 12 ze
498 426 52 13 sawe
564 421 33 18 ich
610 422 65 21 glaub,
689 422 35 17 Ihr
738 423 54 17 Sohn
807 423 43 17 isch

180 449 24 17 do
217 449 76 17 drüsse.

130 477 49 17 Mme
193 477 174 18 SCHWEBERLE:
380 477 35 18 D’r
427 478 61 18 Oscar
501 478 46 18 hört
560 479 40 21 nix,
614 479 35 17 der
662 479 66 18 macht
739 485 11 12 e
763 479 89 21 Gedicht,

180 511 21 12 er
214 506 48 17 het’s
274 507 48 20 grad
335 506 35 17 mit
383 511 30 13 em
426 506 59 18 Mond
497 512 21 12 ze
531 509 52 16 tuen.
596 507 29 18 Un
638 513 41 13 was
692 508 33 17 ich
736 508 40 18 hab
788 513 64 12 saawe

178 534 61 21 welle,
251 545 25 2 —
288 535 18 20 ja
320 534 71 22 richtig
404 546 25 2 —
440 535 33 18 die
487 535 73 18 Person
574 536 37 17 wie
622 536 56 17 mich
690 536 65 22 g’fröjt
769 536 38 21 het,
822 536 32 17 die

179 562 32 18 het
226 563 62 20 g’sait,
303 562 32 18 ihr
349 563 78 17 Lebdaa
442 563 41 18 hätt
499 569 19 12 se
533 564 29 17 nit
576 564 91 23 gedenkt,
683 564 45 18 dass
742 564 32 18 Sie
789 564 62 18 schun

179 591 59 17 vierzi
252 591 37 21 sin,
302 592 28 16 sie
344 592 32 17 het
390 591 31 18 Sie
435 592 31 17 for
480 592 18 17 d’
511 592 70 18 ältscht
595 592 188 18 Schweschter
745 587 38 30 vun
798 593 55 20 Ihrer

179 619 58 18 Nièce
251 619 76 21 g'halte.

129 647 50 18 Mme
192 648 158 18 LEWERMANN
366 648 177 21 (g'schmeichelt):
558 648 48 22 Och,
619 653 41 13 was
673 649 64 17 meine
749 648 39 22 Sie,
801 649 50 17 Mme

179 675 130 19 Schweberle.
320 675 22 18 In
354 676 23 18 de
389 676 52 18 Läde
451 681 43 13 wor
505 677 32 17 ich
549 677 28 17 als
588 677 52 17 noch
651 677 145 18 Mademoiselle
808 677 44 17 titu-

178 705 50 20 liert,
240 710 26 12 un
279 705 88 17 ererscht
380 705 18 17 d’
411 705 56 21 vorig
479 705 63 18 Wuch
555 705 33 18 het
601 710 42 12 mer
656 706 64 17 minni
732 705 119 18 Stundefrau

178 732 92 22 verzählt,
289 733 30 18 d’r
336 733 51 18 Herr
405 732 94 22 Summer,
528 733 32 18 d’r
578 734 102 18 Locataire
698 739 45 12 vum
774 734 76 17 erschte

178 761 64 21 Stock,
254 761 33 18 het
300 766 20 13 se
331 761 72 23 g’fröjt,
416 767 40 13 was
469 762 42 17 dies
523 761 30 18 fer
565 767 9 12 e
586 762 54 21 jungi
652 762 87 18 Mamsell
751 762 50 21 isch,
813 763 37 17 wie

179 790 27 17 im
221 789 99 18 troisième
335 790 105 17 loschiert?

128 817 51 18 Mme
185 817 177 19 SCHWEBERLE:
372 818 30 18 Do
412 817 32 18 het
454 823 21 13 er
483 818 55 18 doch
545 818 21 17 d’
577 818 89 18 Suzanne
675 819 97 20 gemeint?

128 846 50 18 Mme
193 846 167 18 LEWERMANN:
376 845 64 19 Meine
455 845 44 18 Sie?

126 875 50 17 Mme
188 874 175 18 SCHWEBERLE:
373 874 25 17 Ei
410 873 110 22 natierlich,
532 879 22 13 er
570 871 48 22 word
632 875 52 18 doch
695 875 31 18 Sie
738 875 29 17 nit
779 875 70 20 meine,

177 907 57 13 wenn
250 907 22 12 er
285 907 39 12 vun
340 907 32 13 ere
386 902 58 22 junge
457 902 88 19 Mamsell
560 903 40 18 red.
615 903 32 17 Sie
660 903 31 17 sin
705 903 19 23 jo
739 903 52 18 noch
805 905 44 19 guet

177 930 129 23 konserviert,
318 935 26 13 un
358 935 38 13 vun
409 930 73 18 wittem
495 931 40 17 halt
552 931 32 17 m'r
592 931 36 18 Sie
642 936 25 13 au
678 931 52 18 noch
742 931 43 18 fuer
797 932 52 21 jung,

177 964 52 13 awer
242 959 53 17 bilde
309 959 31 17 Sie
353 959 42 22 sich
408 959 19 23 jo
441 959 29 17 nit
483 959 27 21 in,
524 959 44 17 dass
578 959 33 18 Sie
622 959 67 17 met’m
702 959 88 18 Suzanne
803 960 47 17 kon-

176 988 77 17 kuriere
268 987 70 21 kenne,
351 987 28 17 do
393 988 60 17 wärte
468 987 43 18 Se'n
527 987 47 17 uf'm
589 987 100 22 Holzweij.

128 1023 49 17 Mme
191 1020 165 19 LEWERMANN:
371 1021 42 18 Han
429 1021 31 18 Sie
475 1026 49 13 nuer
537 1021 51 18 kenn
602 1021 93 22 Angscht,
709 1022 49 17 Mme
770 1022 80 18 Schwe-

176 1051 58 20 berle,
247 1050 33 17 ich
293 1049 63 18 brüch
371 1049 36 18 m'r
421 1055 9 12 e
444 1054 22 13 so
479 1049 34 18 ebs
526 1051 32 16 net
573 1050 106 21 inzebilde;
694 1055 21 13 es
728 1051 27 21 git
768 1051 81 17 Männer

175 1084 67 16 genue,
270 1078 63 18 denne
350 1083 9 13 e
376 1078 50 18 Frau
455 1083 38 12 von
510 1078 67 18 minne
594 1078 65 22 Johre,
690 1084 39 12 vun
758 1079 90 18 minnere

177 1108 89 19 G'schtalt
283 1112 39 13 vun
339 1107 47 17 mim
403 1107 130 17 savoir-vivre
549 1107 67 17 besser
631 1107 62 21 g'fallt
708 1108 28 17 als
752 1113 10 12 e
779 1108 70 18 Gänsel

175 1141 40 13 vun
229 1136 87 21 zwanzig
328 1135 54 19 Johr.

128 1171 49 17 Mme
191 1170 173 24 SCHWEBERLE:
380 1170 56 17 Awer
449 1170 29 17 nit
492 1174 54 13 zuem
560 1169 94 19 hieroote.

127 1205 49 18 Mme
191 1204 165 20 LEWERMANN:
372 1204 60 18 Welle
447 1203 31 18 Sie
493 1203 54 18 mich
562 1209 30 12 am
603 1204 47 17 End
665 1204 109 21 beleidige?
