1 1
417 129 24 2 —
468 116 24 19 11
520 128 24 3 —

427 170 98 18 SZENE
508 166 19 32 4

359 209 94 20 Suzanne,
466 209 31 17 die
512 209 88 21 Vorigen.

126 243 110 17 SUZANNE
255 243 82 20 (läbhaft
354 249 24 11 un
397 243 114 21 nadierlich,
529 243 73 18 kummt
619 248 42 13 vom
680 243 54 18 Freie
752 243 53 23 erin;
823 244 17 17 d’

173 270 56 18 Händ
247 271 37 17 voll
301 271 97 19 Blüeme):
416 272 65 20 Tante,
498 271 37 22 luej
553 272 50 16 emol
621 272 30 16 die
668 272 72 16 schöne
757 272 84 19 Blueme,

167 298 37 17 wie
219 298 32 17 ich
266 298 79 21 g’funde
359 299 45 19 hab.

124 327 48 17 Mme
187 326 163 18 LEWERMANN:
366 327 27 17 Im
407 327 68 17 Wald?

124 355 119 17 SUZANNE:
260 355 45 20 Nee,
322 360 31 12 um
371 355 15 17 ’s
403 355 50 17 Hüss
469 360 60 17 erum,
547 355 26 16 im
591 355 53 20 Feld,
661 355 54 17 hinte
733 356 26 16 im
777 356 62 19 Garte,

173 383 89 16 uewerall
275 383 77 17 wachse
364 388 25 15 se,
400 383 55 20 ganzi
467 383 54 17 Hiffe
532 383 50 17 haw’
594 383 32 17 ich
637 383 109 21 abgerupft.

124 411 48 17 Mme
187 410 164 19 LEWERMANN;
367 411 59 21 Wart,
441 411 33 17 ich
488 411 32 17 hol
536 416 9 12 e
560 416 49 15 paar
623 411 61 20 Wase,
699 416 37 12 noo
752 411 88 21 rangiere

171 439 36 17 m'r
219 443 20 13 se
252 439 34 16 nin
302 438 51 20 (ab).

127 467 84 18 OSCAR:
229 467 62 17 Wenn
309 467 30 17 Sie
358 472 76 12 numme
451 468 71 21 wisste,
538 473 40 12 was
596 468 30 17 Sie
645 467 30 17 for
692 472 10 12 e
720 469 75 18 nettes
799 467 43 17 Bild

175 495 79 22 abgenn,
269 495 34 17 mit
318 495 35 17 alle
369 495 61 17 denne
444 495 83 22 Blueme,
541 495 84 18 Mamsell
640 495 93 17 Suzanne.
749 495 30 17 Sie
794 495 48 36 sehn

172 524 38 20 üss,
221 523 37 17 wie
270 528 9 12 e
290 522 94 18 Waldfee.

125 551 118 18 SUZANNE:
258 550 40 18 Jetz
314 551 88 17 drechsle
417 550 31 18 Sie
463 551 60 17 schun
537 551 75 17 wieder
626 550 149 22 Komplimente,
789 550 51 17 helfe

173 580 30 17 Sie
217 579 36 17 m’r
266 579 67 17 liewer
347 579 31 18 die
392 579 77 18 Blueme
484 579 118 21 arrangiere.
620 579 70 19 (Oscar
704 578 63 20 helft.)
785 578 56 18 Awer

174 607 78 18 schicke
267 607 30 17 Sie
312 607 41 17 sich
368 608 31 16 net
413 612 21 12 so
448 607 70 18 dumm.

125 636 85 18 OSCAR:
224 636 25 17 Es
261 635 45 17 freit
320 635 59 20 mich,
392 635 84 17 Mamsell
487 635 96 21 Suzanne,
597 635 44 17 dass
653 635 32 17 Sie
697 634 144 22 wenigschtens

174 664 31 17 for
219 664 17 17 d’
250 663 106 17 Schönheit
369 668 38 12 vun
419 663 25 17 de
458 663 77 17 Blueme
550 663 133 21 empfänglich
697 664 36 17 sin.

125 692 119 19 SUZANNE:
260 691 33 18 Ich
308 691 38 18 hab
362 691 17 17 d’
394 691 77 18 Blueme
487 691 81 17 allewiel
583 695 47 17 gern
645 691 57 21 g'het.

125 721 85 18 OSCAR:
222 721 29 17 Un
262 720 47 17 dass
321 720 31 17 Sie
365 720 18 16 d’
393 719 74 21 Poesie,
478 719 37 17 wie
527 719 19 17 in
558 724 9 12 e
579 724 21 12 su
612 724 32 12 ere
655 720 67 17 Bluem
733 719 46 22 leijt,
790 719 52 17 doch

174 748 116 18 anerkenne.

126 777 120 18 SUZANNE:
261 778 27 20 Ja,
302 777 28 17 sie
344 776 65 17 rieche
423 777 43 20 guet
480 781 26 12 un
521 776 38 17 han
574 776 47 18 netti
635 776 73 19 Farwe.

128 806 85 18 OSCAR:
230 806 29 18 Un
276 805 59 18 schun
352 805 56 17 allein
426 804 38 17 ihri
480 804 59 18 Näme
556 804 30 18 sin
603 805 38 17 voll
658 809 37 13 vun
712 804 132 17 köschtlicher

173 834 74 17 Poesie.

126 862 110 18 SUZANNE
250 861 88 20 (rasch):
348 861 29 22 Ja,
389 861 42 17 dies
442 860 30 18 sin
482 860 124 21 Fingerhuet,
617 866 25 12 un
654 861 42 17 dies
706 860 136 22 Plapperoose,

175 890 41 17 dies
229 890 29 17 sin
272 889 136 18 Haasemiilele
422 894 25 12 un
461 889 41 17 dies
514 889 126 21 Katzegigele,
653 893 26 12 un
692 888 35 18 zell
740 887 43 17 isch
796 887 46 17 stin-

175 918 40 21 kigi
231 918 84 21 Hoffart,
331 918 66 18 rieche
413 922 33 13 sen
462 917 58 21 emol;
537 922 26 13 un
578 922 57 13 wenn
652 917 15 17 ’s
683 916 98 20 Frühjohr
796 915 46 20 wär,

175 947 33 17 hät
224 946 32 18 ich
272 947 69 20 gewiss
358 951 24 13 au
398 946 51 17 noch
466 945 156 19 Schwizerhosse
638 945 26 17 im
681 945 56 17 Garte
754 943 87 21 g’funde;

176 975 23 17 do
210 975 38 17 hen
261 975 30 17 Sie
303 974 39 18 ihri
353 974 73 18 Poesie.

126 1003 86 18 OSCAR:
224 1004 15 17 O
250 1003 86 18 Mamsell
348 1000 94 23 Suzanne,
453 1007 57 12 muen
523 1001 31 18 Sie
566 1001 36 18 m'r
614 1001 31 17 alli
655 1000 94 18 Illusione
760 1003 82 13 nemme.

175 1032 26 17 Es
215 1031 34 21 gitt
263 1031 53 18 doch
331 1036 24 13 au
368 1031 79 17 Blueme
461 1031 37 17 wie
513 1028 206 23 Vergissmeinnichtle
733 1032 27 13 un
774 1027 68 20 Morje-

176 1061 52 16 stern
246 1059 69 18 heisse.
333 1059 57 18 Awer
407 1059 31 18 Sie
455 1063 57 13 muen
529 1057 104 18 natierlich
650 1057 48 20 grad
715 1056 18 17 d’
750 1055 93 21 allerpro-

176 1088 84 17 saischte
278 1088 132 17 erüsssueche.
427 1087 42 18 Han
485 1086 33 18 Sie
536 1086 52 17 denn
606 1089 33 17 gar
656 1084 52 17 kenn
741 1083 102 18 Fantasie?

200 1116 62 17 Sehne
275 1115 31 19 Sie
317 1115 42 18 sich
372 1116 51 17 denn
435 1115 28 17 nit
475 1119 10 12 e
495 1114 59 17 bissel
566 1112 64 18 nooch
641 1112 34 17 ebs
686 1111 122 18 Höcherem?

128 1144 119 18 SUZANNE:
264 1144 77 17 Gottlob
356 1148 41 13 nee.
412 1143 25 18 Es
452 1142 60 21 g’fallt
527 1141 37 17 m’r
576 1145 50 16 ganz
641 1141 43 19 guet
700 1140 25 17 do
739 1141 51 15 unte.
818 1139 24 17 Su

176 1172 45 21 lang
234 1177 21 12 as
269 1172 31 16 ich
313 1173 55 19 guete
381 1171 63 21 Apetit
457 1170 38 18 hab
508 1175 24 12 un
548 1169 17 18 d’
578 1173 47 16 ganz
638 1167 62 18 Nacht
714 1167 82 21 schloof,
809 1167 33 17 bin

176 1200 32 17 ich
220 1199 93 19 zefridde.
