1 1
460 78 42 4 —
550 64 40 28 99
639 78 40 5 —

35 156 225 33 Gauthier:
285 157 93 32 Aber
402 157 159 32 natürlich
577 157 44 32 ist
636 158 88 31 Herr
741 157 192 41 Grinsinger
948 159 151 40 Mitglied

101 221 71 22 vom
198 210 248 33 Sachsenbund!

34 282 152 33 Rièmer
210 281 71 42 (der
304 282 67 32 sich
391 291 61 22 nur
466 282 145 39 langsam
627 291 63 23 von
706 282 105 32 seiner
830 284 270 40 Verwunderung

102 335 133 40 erholt):
268 336 85 39 Wie,
386 334 108 33 was?!
524 353 36 4 —
595 333 79 43 (fast
697 336 91 32 Fritz
815 335 206 42 Grinsinger
1047 335 53 42 an)

102 389 53 39 Ja,
192 389 104 39 Fritz,
333 389 92 31 bisch
462 389 82 31 denn
580 389 43 31 dü
657 399 83 30 ganz
775 391 324 40 üwwerg’schnappt,

103 443 73 31 dass
201 443 43 31 dü
267 452 35 22 so
318 443 206 31 Dummheite
548 441 173 33 machsch?
761 443 55 31 Dü
838 443 92 32 bisch
950 444 150 40 Mitglied

102 506 75 21 vum
202 506 17 22 e
244 496 124 32 ditsche
392 495 146 33 Verein?
595 496 65 40 Dü,
687 496 48 32 d'r
757 497 252 40 Vizepräsident
1035 507 66 23 vun

103 550 49 31 d'r
176 549 152 40 Fanfare
351 550 227 31 Alsacienne?
599 567 42 4 —
666 551 48 31 Ze
736 551 79 31 redd
841 551 96 32 doch!
964 569 40 3 —

37 620 192 34 Gauthier
257 619 184 43 (erstaunt):
478 622 83 31 Was
591 622 78 32 höre
699 622 53 32 ich
776 621 78 33 da?!
891 623 88 31 Herr
1008 623 94 33 Grin-

103 675 117 40 singer,
230 674 55 34 Sie
298 675 71 32 sind
378 675 251 40 Vizepräsident
642 676 57 31 der
711 675 226 41 berüchtigten
951 678 152 40 Fanfare

103 727 231 34 Alsacienne?!
361 728 136 43 (spricht
521 729 52 32 die
596 729 121 32 letzten
741 731 115 31 Worte
880 730 58 32 mit
961 732 142 30 starkem

104 783 134 32 Akzent
262 792 66 23 aus.
367 782 120 33 Grosse
501 783 189 40 Bewegung
706 784 94 31 unter
818 783 60 32 den
893 783 209 40 Mitgliedern

105 837 56 31 des
186 835 294 41 Sachsenbundes.)
527 835 42 33 So
594 837 157 39 sprechen
775 836 55 33 Sie
855 837 96 33 doch!
978 855 41 4 —

37 898 152 33 Rièmer
213 897 54 43 (zu
290 898 90 32 Fritz
406 898 214 42 Grinsinger,
651 900 57 31 der
730 909 84 30 ganz
845 900 180 32 vernichtet
1049 901 53 32 da-

103 950 116 42 steht):
250 952 79 32 Diss
353 953 50 31 sin
426 952 59 32 mir
505 952 34 40 jo
564 953 111 32 schöni
705 952 128 33 Affäre!
878 954 75 31 Diss
977 954 69 32 isch
1066 954 35 40 jo

102 1015 18 23 e
136 1006 142 32 Verroth
295 1016 41 22 an
351 1016 134 22 unserer
500 1006 160 33 Societät!
685 1006 30 32 E
731 1008 143 31 Verroth
898 1017 40 22 an
954 1017 148 22 unserem

103 1059 189 33 elsässische
318 1060 209 32 Vatterland!
561 1078 33 4 —

35 1131 73 32 Die
132 1131 228 40 Mitglieder
386 1132 64 31 der
478 1133 153 40 Fanfare
654 1131 46 42 (in
724 1141 128 31 grosser
867 1132 232 42 Entrüstung):

107 1183 85 33 C'est
215 1186 123 39 infect!
366 1185 85 33 C'est
474 1185 162 33 révoltant
646 1187 13 31 !

35 1247 108 32 Fritz
169 1247 234 41 Grinsinger
428 1247 242 43 (verzweifelt):
706 1249 94 33 Jetzt
829 1249 69 33 isch
928 1250 79 32 alles
1031 1260 69 22 ver-

102 1300 82 34 lore!

37 1372 190 33 Gauthier
262 1372 53 41 (zu
345 1374 156 40 Rièmer):
537 1375 82 32 Was
649 1375 99 32 reden
772 1374 55 34 Sie
852 1375 40 32 da
923 1375 81 32 eben
1027 1385 71 22 vom

102 1427 213 32 elsässischen
359 1427 203 33 Vaterland?
598 1429 88 32 Herr
718 1428 193 41 Grinsinger
940 1429 44 32 ist
1019 1429 80 32 doch

102 1480 76 32 kein
201 1480 166 33 Elsässer!

36 1542 163 33 Rièmer:
235 1543 48 32 Es
314 1545 122 31 kummt
460 1545 47 31 als
531 1544 126 32 besser!
694 1545 100 37 Kenn
817 1543 190 35 Elsässer?!
1044 1546 53 39 Ja,

102 1605 67 23 was
193 1597 97 32 isch'r
314 1598 83 31 denn
421 1596 77 35 no?!

37 1657 205 33 Gauthier:
267 1660 65 31 Ein
357 1660 120 33 Sachse
500 1661 45 32 ist
568 1670 43 30 er,
638 1661 51 32 ein
714 1662 110 31 echter
848 1661 136 33 Sachse!

36 1720 109 32 Fritz
170 1720 245 42 Grinsinger:
441 1723 93 32 Jetzt
557 1723 97 32 isch’s
678 1724 106 39 hüsse,
809 1723 73 40 adje
905 1724 125 32 Partie!

37 1783 164 32 Rièmer:
227 1783 119 33 Was?!
372 1786 45 31 Ja
439 1785 69 33 isch
533 1786 64 31 diss
621 1785 113 33 wohr?

37 1845 173 32 Madame
227 1845 245 42 Grinsinger:
498 1847 58 32 Ihr
569 1849 116 30 müehn
701 1849 84 31 mine
800 1850 101 31 Mann
918 1849 180 40 exküsiere,

105 1908 34 22 er
155 1900 87 31 kann
262 1899 34 40 jo
314 1900 55 32 nix
392 1900 109 41 d’rfor,
528 1901 72 32 dass
617 1902 62 31 sini
702 1902 94 32 Eltre
812 1901 121 33 Sachse
949 1903 50 31 sin
1014 1903 84 39 gsin!
