1 1
463 57 40 4 —
553 43 61 28 103
663 59 41 3 —

51 137 44 31 de
118 137 98 32 Rose
248 135 70 42 (der
341 146 62 23 von
421 137 102 32 einem
539 137 151 40 Mitglied
707 139 56 31 der
776 140 151 40 Fanfare
946 140 168 32 instruiert

116 191 129 31 worden
261 189 71 41 ist):
358 192 42 30 Et
417 192 77 36 moi,
504 192 40 39 je
560 195 144 36 proteste
726 203 45 21 au
794 203 78 21 nom
887 195 40 29 de
951 195 33 30 la
1000 195 115 30 nation

109 243 199 41 française!

50 306 176 32 Durand:
260 306 42 33 So
326 306 66 32 viel
414 306 52 32 ich
490 306 104 41 weiss,
619 307 193 32 hätte-n-alli
830 308 68 32 drei
914 309 113 39 Herre,
1053 309 62 32 wie

118 369 99 22 ewwe
241 369 34 23 so
299 359 123 40 kräftig
445 360 187 40 protestiert
655 360 74 41 han,
754 361 55 32 alli
833 361 133 33 Grüend
996 372 16 21 e
1036 362 79 32 bissl

116 413 211 40 vorsichtiger
351 423 36 21 ze
411 413 51 32 sin
477 413 33 32 in
526 414 334 40 ihre-n-Erklärunge!
886 412 148 44 (Rièmer
1050 416 64 31 und

117 467 161 33 Gauthier
301 467 133 31 machen
459 467 70 31 eine
554 467 214 33 abwehrende
792 468 200 41 Bewegung)

50 520 62 32 Dr.
137 521 255 45 Kneppchen:
433 521 81 31 Was
539 531 27 21 z.
591 522 39 30 B.
655 521 109 32 Herrn
793 521 160 33 Gauthier
984 522 129 41 betrifft,

117 583 34 23 so
175 573 43 32 ist
241 574 87 32 seine
353 574 205 40 Entrüstung
581 584 72 22 zum
676 575 179 31 mindesten
879 576 74 31 sehr
976 585 139 31 unange-

116 627 123 40 bracht,
265 628 84 31 denn
372 628 88 31 Herr
484 627 160 32 Gauthier
666 628 52 40 ist,
744 629 62 31 wie
829 629 52 32 ich
897 639 40 21 zu
953 629 162 33 beweisen

116 681 32 31 in
174 681 55 32 der
253 681 91 40 Lage
367 681 64 40 bin,
458 682 57 31 das
538 681 93 32 Kind
656 681 233 33 französischer
911 683 125 31 Eltern.

51 743 196 33 Gauthier
271 741 257 45 (konsterniert):
569 744 68 32 Das
667 744 44 32 ist
733 744 91 32 nicht
846 745 153 40 möglich!
1048 746 67 31 Das

116 797 43 32 ist
182 797 205 32 undenkbar!
414 796 122 42 (grosse
553 798 135 33 Unruhe
712 799 95 31 unter
831 798 60 32 den
908 798 208 40 Mitgliedern

117 851 55 31 des
198 850 282 41 Sachsenbundes)

50 904 62 32 Dr.
136 904 242 40 Kneppchen
413 903 55 42 (zu
502 903 189 43 Gauthier):
739 906 82 31 Hier
845 906 87 31 Herr
957 905 159 32 Gauthier

117 958 140 32 schenke
284 958 52 32 ich
359 958 103 32 Ihnen
494 958 50 32 die
570 958 273 33 Geburtsscheine
874 960 93 31 Ihrer
990 960 125 39 Eltern,

118 1012 50 32 die
193 1012 46 32 als
265 1011 216 33 französische
512 1012 245 41 Republikaner
786 1013 81 32 nach
899 1014 71 31 dem
994 1012 122 33 Staats-

117 1065 119 32 streich
259 1065 183 40 Napoleons
466 1066 81 32 nach
571 1066 136 40 Leipzig
730 1066 174 40 geflüchtet
928 1066 80 32 sind.

52 1118 201 34 Gauthier:
284 1119 219 33 Entsetzlich!
545 1118 123 42 (nimmt
699 1120 52 32 die
781 1117 150 43 Scheine)
977 1120 58 32 Ich
1060 1120 55 32 das

117 1173 93 31 Kind
233 1172 234 33 französischer
490 1172 274 34 Revolutionäre?
789 1173 82 42 (hält
887 1173 68 33 sich
972 1183 40 22 an
1030 1173 87 33 einer

119 1225 190 34 Stuhllehne
333 1225 78 42 fest)
436 1227 75 32 Wie
539 1227 93 32 reimt
656 1227 68 33 sich
748 1228 57 32 das
829 1227 58 32 mit
909 1227 120 32 meiner
1054 1227 62 33 Ge-

119 1279 177 42 sinnung?!
326 1281 55 32 Ich
405 1282 109 30 werde
539 1281 218 40 wahnsinnig!

52 1333 62 32 Dr.
139 1334 257 40 Kneppchen:
436 1334 75 32 Ihre
536 1333 192 41 Gesinnung
751 1335 186 31 verdanken
962 1333 54 34 Sie
1045 1334 70 32 dem

119 1387 174 41 Schwager
328 1389 56 31 des
418 1389 109 31 Herrn
563 1387 203 41 Grinsinger,
802 1388 56 31 der
890 1387 54 33 Sie
980 1397 136 31 erzogen

119 1441 65 31 und
208 1441 47 32 als
279 1441 201 32 sächsischer
505 1441 158 40 Sergeant
693 1441 69 32 sich
794 1441 70 32 eine
887 1441 89 32 Ehre
1002 1441 114 31 daraus

119 1495 133 39 machte,
278 1504 57 23 aus
371 1495 101 32 einem
507 1495 257 33 revolutionären
802 1495 184 31 Franzosen
1024 1494 92 31 einen

119 1549 100 39 guten
244 1549 175 32 deutschen
435 1549 168 32 Patrioten
627 1558 40 22 zu
691 1548 137 32 züchten
852 1548 64 31 und
940 1557 57 22 aus
1015 1547 101 32 einem

122 1601 162 32 Gauthier
309 1603 51 31 ein
385 1602 159 33 Gauthier
568 1612 40 21 zu
632 1602 149 31 machen!

54 1654 193 33 Gauthier
270 1655 106 42 (Hans
394 1655 191 41 Grinsinger
608 1655 54 32 bei
685 1655 57 32 der
761 1655 99 32 Hand
884 1653 158 42 fassend):
1068 1653 48 32 Ist

122 1709 56 32 das
201 1710 91 31 wahr
316 1708 131 34 Onkel?

54 1772 106 32 Hans
184 1771 234 41 Grinsinger
442 1770 245 42 (bestätigend):
714 1771 143 33 Stimmt!
883 1770 142 34 Stimmt!

55 1823 190 33 Gauthier
281 1822 239 45 (verzweifelt):
560 1825 63 31 Die
654 1825 92 32 Welt
776 1826 103 30 stürzt
902 1824 57 32 mit
981 1823 60 33 mir
1064 1833 51 22 zu-

122 1880 154 30 sammen!
301 1879 58 32 Ich
382 1879 56 32 bin
462 1879 195 32 vernichtet!
685 1879 172 32 Verloren!
