1 1
478 71 40 0 —
571 49 38 33 17
659 59 44 19 —

50 149 244 32 Jeannette:
320 146 96 34 Scht!
445 165 38 3 —
509 146 251 43 (aufhorchend)
784 148 48 32 Es
863 149 124 31 kummt
1011 147 109 33 ebber.

118 201 77 41 (Die
218 201 101 39 Magd
342 202 121 32 kommt
480 211 62 29 von
566 201 108 32 rechts
691 201 64 32 und
772 202 79 40 geht
866 203 83 31 nach
965 202 86 32 links
1068 202 51 40 ab,

116 255 90 33 nicht
229 255 82 32 ohne
336 255 57 32 das
416 255 86 32 Paar
526 255 57 32 mit
607 255 198 32 Misstrauen
829 266 40 21 zu
893 254 224 43 beobachten).

50 318 200 33 Ehrstein
274 317 175 42 (ernsthaft
465 315 177 44 messend):
658 317 212 42 Querschnitt
890 318 110 32 fufzeh
1014 317 108 34 Centi-

116 373 102 31 meter
243 396 7 8 .
277 397 5 7 .
310 396 7 8 .
342 370 129 43 (schaut
493 371 69 33 sich
587 369 66 43 um)
688 371 56 34 Sie
774 372 68 32 isch
875 372 113 33 drüsse
1016 373 106 40 (küsst

118 423 200 42 Jeannette).
344 425 78 32 Diss
445 425 71 32 isch
541 426 65 39 der,
623 435 50 23 wo
698 426 52 32 ich
769 426 49 32 dir
831 436 100 22 ewwe
948 426 64 32 hab
1029 427 93 32 welle

117 483 73 37 gän.
216 477 107 42 (küsst
347 479 47 32 sie
410 476 133 45 wieder)
559 480 77 32 Unn
662 480 56 32 der
741 480 61 40 gilt
826 479 49 33 for
893 481 38 31 de
948 479 173 42 Schrecke,

117 543 51 23 wo
192 533 53 33 ich
268 533 80 40 grad
372 534 188 39 üs’gstande
584 533 73 32 hab.

51 596 245 33 Jeannette:
323 594 42 34 So
390 605 37 22 ze
451 605 99 22 saaue
574 596 47 32 als
647 594 273 35 Schadenersatz!

51 650 215 32 Ehrstein:
296 648 87 33 C’est
407 659 37 30 ça
466 660 54 21 ma
544 649 110 32 chère!

51 704 243 33 Jeannette:
330 704 63 32 Um
420 713 16 22 e
459 704 91 40 gueti
573 704 116 32 Exküs
712 704 94 33 bisch
836 706 43 32 dü
909 706 52 32 nie
990 706 132 40 verläje.

51 758 221 32 Ehrstein:
297 756 30 33 A
347 768 123 30 propos
494 757 188 41 Jeannette,
707 768 67 23 was
798 760 152 40 meinsch,
983 760 59 33 soll
1071 761 52 32 ich

118 812 86 40 glich
227 812 75 40 hytt
324 812 77 31 mini
426 812 158 31 demande
608 813 111 31 mache
735 813 33 32 bi
789 813 63 32 dim
876 814 123 40 Babbe,
1025 815 99 32 odder

119 865 59 33 soll
202 865 54 32 ich
279 865 83 32 noch
385 864 126 33 warte?

52 928 247 33 Jeannette:
326 922 86 46 Seje
442 929 60 31 m'r
532 929 186 41 vorsichtig,
750 930 53 33 ich
833 931 68 32 will
933 932 51 32 ’ne
1012 932 112 32 liewer

120 982 140 32 z'erscht
283 982 117 32 sälwer
423 981 49 33 uff
494 983 66 31 diss
585 984 190 32 évènement
797 985 196 40 prepariere.

53 1035 215 32 Ehrstein:
301 1036 76 31 Wie
409 1036 42 32 dü
480 1037 73 31 witt
575 1047 54 21 ma
652 1037 101 33 chère.
801 1038 135 33 Awwer
960 1050 59 22 zue
1048 1041 75 40 lang

120 1089 94 32 welle
245 1089 87 32 mir’s
363 1089 49 33 nit
448 1090 222 41 nüsschiewle,
706 1090 50 34 for
787 1093 73 31 dass
891 1093 51 32 ich
973 1094 49 32 nit
1045 1095 77 31 mini

120 1143 181 32 Krächerle
327 1144 115 39 d’ganz
458 1144 71 32 Zitt
551 1144 42 32 im
611 1145 203 33 verstohlene
831 1147 72 32 hole
926 1158 115 30 muess,
1060 1149 62 31 wie

117 1196 85 40 jetzt
220 1207 67 30 par
311 1197 145 41 exemple.
483 1197 77 40 (will
586 1198 47 32 sie
657 1200 143 38 küssen.)

55 1251 233 32 Jeannette
312 1249 240 43 (abwehrend):
580 1252 150 43 Georges,
756 1254 68 33 isch
856 1255 66 32 diss
950 1256 125 32 widder
1106 1267 16 22 e

123 1303 296 34 Schadenersatz?!
447 1323 36 4 —

56 1358 215 32 Ehrstein:
297 1358 93 40 Nein,
410 1359 65 32 diss
488 1360 69 32 isch
571 1361 375 43 e-n-Abschlagzahlung
959 1363 47 33 uff
1016 1365 108 32 unseri

123 1412 151 40 küenftig
298 1411 201 42 fiançailles!

57 1465 117 32 Fritz
199 1464 251 43 Grinsinger
474 1468 74 35 (von
572 1468 85 33 links
675 1470 52 32 die
744 1469 102 34 Scene
863 1472 58 31 mit
942 1473 180 32 ansehend:

125 1519 29 32 E
179 1519 229 33 Dunderlettel
432 1522 81 32 noch
539 1524 95 31 emol!

58 1572 196 32 Ehrstein
279 1572 211 42 (auffahrend,
520 1576 58 32 mit
602 1576 86 33 Hast
712 1578 61 31 den
808 1579 94 40 Kopf
931 1579 194 33 Jeannettes

125 1627 179 40 messend):
330 1626 211 43 Querschnitt
565 1629 111 32 fufzeh
700 1630 206 34 Centimeter.

60 1679 117 32 Fritz
203 1679 272 42 Grinsinger:
501 1683 52 39 Ja,
576 1682 44 41 ja,
648 1684 211 42 Querschnitt
884 1685 110 34 fufzeh
1019 1686 106 34 Centi-

126 1734 116 31 meter!
291 1752 38 4 —
377 1734 214 34 Schmecksch
639 1738 39 31 de
717 1739 155 32 Büchon!
910 1758 41 4 —
990 1741 66 40 Ah,
1087 1742 39 32 do

129 1786 82 32 wills
242 1786 98 33 nüs?!
374 1789 63 31 Die
468 1789 256 42 Kopfmesserej,
755 1793 66 31 diss
857 1793 125 32 schient
1006 1796 57 30 m’r
1087 1805 41 21 au

129 1840 82 31 noch
244 1840 51 32 die
325 1841 113 41 richtig
465 1843 182 41 Erfindung
676 1855 37 21 ze
744 1846 65 31 sin!
836 1865 40 3 —
903 1848 64 39 Ah,
994 1849 39 31 do
1058 1848 71 40 leijt

131 1892 49 32 d’r
202 1894 71 31 Has
296 1894 43 32 im
362 1894 162 34 Pfeffer?!
552 1915 41 3 —
