1 1
436 44 38 29 —
522 45 38 30 81
614 57 41 5 —

13 141 172 33 Madame
221 139 234 40 Grinsinger
490 136 75 43 (von
600 137 138 39 rechts):
787 138 82 40 Quel
903 139 178 30 charmant

74 195 104 39 jeune
201 195 131 30 homme
356 203 33 21 ce
412 193 126 31 baron!
571 191 80 31 Was
669 200 16 22 e
703 191 105 31 netter
828 190 119 40 junger
963 191 116 31 Mann!

15 257 111 31 Fritz
151 255 234 39 Grinsinger
397 252 101 43 (seine
516 254 91 31 Rede
621 253 236 38 einsteckend):
882 252 200 33 Hoffentlich

83 309 100 32 hesch
206 309 48 32 nit
278 318 36 23 ze
338 308 65 32 viel
426 307 99 32 mit’m
550 307 131 40 geredd,
713 317 65 21 unn
802 306 102 32 merik
930 307 55 39 d’r,
1015 316 68 22 was

84 363 52 32 ich
161 362 49 32 d'r
234 362 130 40 allewyl
395 371 65 30 saa,
490 360 34 40 je
555 360 123 40 wenjer
708 360 73 32 dass
813 360 39 32 de
880 360 147 39 reddsch,
1049 360 36 40 je

83 416 124 40 wenjer
230 417 118 30 chance
371 414 109 40 hesch,
505 414 118 32 Fehler
647 423 37 23 ze
699 413 121 33 mache.
851 413 117 40 (Marie
985 414 100 32 durch

86 470 52 31 die
162 470 107 31 Mitte.
317 468 104 32 Marie
445 469 89 38 trägt
558 467 206 32 elsässisches
788 466 165 41 Kostüm.)

19 533 135 32 Marie:
179 532 97 39 Herr,
302 532 39 32 do
364 531 55 32 bin
442 530 20 40 i,
479 529 96 33 isch’s
598 530 90 32 recht
708 528 58 35 so?

20 595 109 32 Fritz
154 593 245 40 Grinsinger:
426 593 102 40 Doch,
555 593 65 31 diss
647 592 141 33 Kostüm
812 592 79 40 geht
913 592 95 41 Ejch,
1025 593 63 31 wie

89 657 196 31 angemesse.

21 710 136 32 Marie:
182 711 45 32 Ja
250 710 97 39 Herr,
375 709 48 32 d'r
446 710 87 30 Jean
556 708 98 33 hett's
679 718 41 23 au
744 708 101 33 schun
868 710 104 39 gsaat.

22 772 110 32 Fritz
157 772 248 40 Grinsinger:
429 772 31 31 A
480 782 135 30 propos,
640 781 94 22 wenn
748 770 55 34 Sie
823 770 130 40 jemand
978 770 110 41 fröüjt,

89 835 50 23 wo
165 825 54 32 Sie
242 825 76 32 here
343 825 59 40 sin,
434 834 37 22 ze
496 834 97 22 saaue
617 823 55 34 Sie
703 834 66 22 vun
800 823 200 34 Schnersche
1024 834 66 22 vun

92 879 47 32 d'r
164 878 229 34 Schliffmüehl.

25 942 139 31 Marie:
189 942 53 39 Ja,
268 942 101 31 Herr!

26 1004 109 31 Fritz
160 1003 244 40 Grinsinger:
438 1003 24 32 ’s
494 1003 118 33 brücht
643 1003 111 33 keiner
785 1013 37 23 ze
852 1003 106 40 wisse,
990 1003 101 32 dass'r

95 1056 270 33 drüwwe-n-üs’m
389 1057 162 32 Badische
575 1057 60 32 sin.

28 1119 135 33 Marie:
189 1120 53 39 Ja,
267 1120 104 32 Herr!

28 1182 108 32 Fritz
161 1181 247 41 Grinsinger:
446 1181 52 41 So,
531 1192 65 22 unn
622 1181 86 41 jetzt
740 1183 165 32 tummle-n
923 1182 81 40 Ejch
1027 1192 66 22 unn

95 1235 189 32 saaue-n-im
307 1236 96 37 Jean,
438 1245 34 22 er
505 1236 59 32 soll
591 1235 139 41 anfange
776 1236 202 40 d’lampions
1002 1245 91 22 anze-

96 1289 103 32 zünde
223 1289 42 31 im
290 1288 112 41 Garte,
429 1299 33 22 es
488 1288 92 41 fangt
604 1290 101 31 schun
729 1299 41 22 an
793 1299 37 22 ze
855 1290 179 31 düschtere.

28 1351 137 32 Marie:
190 1352 54 39 Ja,
269 1352 100 31 Herr!
396 1350 53 42 (ab
475 1352 101 32 durch
601 1353 51 31 die
676 1350 120 44 Mitte.)

28 1404 110 33 Fritz
164 1404 235 41 Grinsinger
427 1404 102 42 (seine
560 1406 88 31 Frau
677 1416 42 22 an
748 1406 61 32 den
834 1405 172 34 Schultern
1031 1404 63 33 fas-

96 1457 108 41 send):
229 1458 96 40 Frau,
356 1458 64 33 diss
436 1468 106 23 muess
559 1468 17 23 e
602 1459 125 39 schöns,
758 1469 17 22 e
791 1459 165 41 prächtigs
973 1459 121 32 Fescht

96 1512 79 39 gän!
223 1512 157 40 Meinsch,
405 1512 63 32 wie
493 1512 51 32 die
574 1513 65 31 diss
674 1513 216 41 buffet-froid
918 1513 175 32 verwickle

97 1563 107 34 wäre?
226 1564 48 33 Im
289 1575 16 22 e
317 1566 85 32 Jede
414 1566 127 31 hawich
554 1566 48 31 sin
615 1566 284 40 Lieblingsplättel
911 1566 182 40 gerüescht.

96 1618 75 32 Wie
200 1618 156 40 meinsch,
389 1618 61 33 wie
481 1619 49 32 d'r
562 1619 74 32 dick
665 1620 120 32 Müller
817 1620 38 32 do
887 1620 52 31 die
969 1621 126 30 terrine

97 1672 141 31 verdaxe
262 1670 129 33 wurd?!

31 1725 172 31 Madame
220 1724 246 42 Grinsinger:
487 1726 44 33 Ja
546 1726 151 40 meinsch,
716 1727 100 39 packt
833 1727 56 31 der
906 1726 51 32 die
974 1724 119 34 ellein?

32 1777 108 32 Fritz
165 1777 245 41 Grinsinger:
435 1778 146 32 Ellein?!
608 1797 41 4 —
673 1780 77 32 Unn
766 1779 50 40 ob,
835 1780 65 31 diss
917 1780 91 39 langt
1024 1780 70 31 dem

99 1831 79 40 grad
202 1831 53 32 fur
277 1832 34 31 in
335 1841 16 23 e
375 1832 95 33 hohle
493 1832 108 32 Zahn!

32 1884 173 32 Madame
229 1883 253 42 Grinsinger:
507 1886 52 31 Eh
583 1887 73 31 bien
679 1888 124 30 merci!
