1 1
444 72 40 5 —
534 55 40 38 63
622 72 41 5 —

82 153 72 32 dass
190 152 56 33 Sie
282 152 51 32 die
364 152 252 41 Dokterarweit,
653 153 62 32 wie
739 152 55 34 Sie
829 153 155 33 schriewe
1017 155 65 33 han

80 207 103 38 welle,
207 206 50 31 nit
278 204 271 34 veröffentliche
529 200 21 49 ?

13 260 206 33 Ehrstein:
256 260 48 31 Es
332 259 94 32 thuet
448 261 59 30 m'r
530 260 72 39 arig
639 260 76 40 leid,
751 261 88 32 Herr
864 260 215 43 Grinsinger,

78 313 81 32 Ihne
184 323 97 22 saaue
306 323 36 22 ze
366 313 127 40 müehn,
526 314 73 31 dass
628 314 51 31 ich
712 313 49 34 for
791 316 85 30 kenn
902 315 84 33 Geld
1015 326 66 22 vun

79 368 47 31 d'r
150 367 92 32 Welt
266 367 114 31 d'rvun
404 366 154 33 Abstand
581 367 106 40 nimm,
719 368 52 31 die
797 368 128 32 Arweit
949 379 36 22 ze
1009 380 71 22 ver-

77 419 194 41 öffentliche,
296 430 66 22 unn
387 420 73 32 dass
484 420 52 32 ich
562 430 59 22 nur
645 423 94 30 unter
764 421 106 32 einere
887 422 194 42 Bedingung

79 476 25 30 's
126 475 152 40 sacrifice
301 483 65 22 vun
390 474 120 32 minere
532 474 241 33 Dokterarweit
795 474 104 42 bring,
925 486 66 22 unn
1015 477 65 32 diss

77 528 78 39 isch,
182 537 93 22 wenn
301 526 54 34 Sie
380 529 58 29 m'r
462 527 69 32 Ihri
555 528 141 32 Tochter
718 529 84 39 gän!

10 590 110 32 Fritz
149 589 253 41 Grinsinger:
439 590 78 31 Diss
541 590 70 32 isch
633 591 33 31 in
691 591 71 32 dem
786 591 73 32 Fall
882 593 102 31 schun
1007 594 72 32 meh

77 654 16 22 e
117 644 303 40 Dokterrechnung,
446 644 62 31 wie
533 654 17 22 e
575 644 258 33 Dokterarweit!

9 707 210 32 Ehrstein:
259 705 40 33 In
333 707 70 31 dem
434 707 73 31 Fall
539 707 70 32 hätt
640 707 53 32 ich
724 708 116 32 selwer
871 709 207 33 e-n-Intresse

77 761 88 39 dran,
192 761 73 31 dass
283 761 25 31 ’s
332 761 49 31 nit
400 759 145 33 bekannt
568 761 102 39 wurd,
696 762 74 31 dass
786 762 57 32 Ihr
860 771 16 23 e
894 761 101 34 Sachs
1019 764 57 32 sin.

9 813 108 33 Fritz
142 813 253 40 Grinsinger:
410 814 29 31 E
454 814 112 39 Sachs,
581 824 16 22 e
612 813 111 42 Sachs,
735 815 62 32 wie
810 816 59 31 m’r
878 825 61 22 nur
949 817 129 41 allewyl

75 876 17 22 e
115 876 35 23 so
174 867 101 40 growi
301 867 131 32 Wörter
456 867 61 33 in’s
541 868 71 31 Mül
637 877 122 23 nemme
783 870 102 30 kann!

7 921 203 41 Ehrstein:
245 922 96 31 Denn
365 921 101 32 miner
488 921 115 32 Babbe
627 922 99 32 thät’s
750 922 48 32 als
823 922 82 33 alter
927 924 151 32 Elsässer

72 984 73 22 vom
176 975 64 31 alte
265 974 118 34 Schrot
412 984 66 22 unn
508 975 95 32 Korn
638 975 132 33 niemols
800 976 164 42 inwillige,
1003 978 73 32 dass

74 1028 52 32 ich
151 1038 17 21 e
189 1028 140 32 Tochter
351 1038 73 22 vom
450 1038 16 22 e
491 1028 102 34 Sachs
617 1029 135 32 hieroth.

8 1081 108 32 Fritz
148 1081 232 41 Grinsinger
411 1081 66 41 (für
500 1081 102 42 sich):
634 1083 51 32 Do
715 1083 99 40 kreijt
848 1083 59 33 m’r
929 1084 105 41 bigott
1058 1095 18 22 e

72 1135 124 32 Wueth
221 1135 61 32 wie
307 1145 16 22 e
347 1136 73 32 Hüs
443 1146 66 22 unn
533 1136 103 32 derf’s
660 1137 48 31 nit
732 1138 80 32 emol
836 1137 98 40 zaije!
961 1156 42 4 —

9 1197 204 33 Ehrstein:
238 1199 103 40 Enfin
365 1200 74 30 c'est
462 1198 22 32 à
502 1201 151 38 prendre
676 1210 42 21 ou
742 1199 22 32 à
788 1200 146 32 laisser
917 1193 22 50 !

7 1251 108 32 Fritz
148 1251 236 40 Grinsinger
419 1249 65 45 (für
514 1251 100 38 sich):
654 1253 65 32 M'r
742 1253 98 32 hetts
864 1254 49 32 nit
946 1255 81 32 licht
1057 1264 18 23 e

53 1304 101 34 Sachs
178 1315 37 23 ze
239 1306 65 32 sin!
332 1324 40 3 —

7 1368 177 39 Auguste
208 1366 76 43 (von
296 1368 108 32 rechts
417 1366 197 43 kommend):
633 1370 107 40 Papa,
749 1371 81 38 grad
842 1370 68 32 isch
924 1371 54 31 der
995 1372 80 32 Herr

72 1420 170 33 Professor
271 1422 58 31 mit
360 1422 48 31 d'r
430 1422 217 40 Berechnung
676 1433 62 23 von
770 1424 63 31 dim
857 1424 97 40 Kopf
976 1424 97 41 fertig

72 1484 113 23 worre.
232 1475 63 32 Die
330 1476 216 40 Berechnung
580 1476 71 32 hett
686 1486 59 23 uns
777 1486 17 23 e
824 1478 104 39 grossi
959 1479 114 33 Uewe-

72 1528 162 40 raschung
256 1528 165 40 gebrocht.

7 1581 107 32 Fritz
139 1581 251 41 Grinsinger:
427 1583 51 32 Do
502 1583 149 32 bekumm
674 1584 53 32 ich
751 1585 102 32 schun
873 1584 157 40 jedesmol
1055 1596 17 21 e

74 1634 172 41 Schrecke,
271 1645 95 22 wenn
382 1646 65 21 vun
465 1646 52 21 ere
533 1637 298 41 Uewweraschung
846 1638 127 32 d’Redd
987 1639 84 33 isch
1057 1630 19 52 !

7 1688 203 32 Ehrstein:
247 1689 51 32 Do
321 1688 57 33 bin
401 1690 52 31 ich
474 1689 85 40 jetzt
582 1699 41 22 au
646 1691 150 39 gspannt,
833 1691 85 40 wäje
951 1692 120 32 minere

73 1741 250 33 Dokterarweit.

1 1793 206 41 Auguste:
243 1796 96 32 Denk
371 1796 48 32 d'r
448 1806 69 30 nur,
547 1807 104 30 papa,
689 1798 42 31 dü
762 1798 99 32 hesch
891 1798 49 32 nit
970 1808 60 22 nur
1054 1809 17 22 e

72 1857 83 31 ganz
178 1848 106 32 reiner
298 1849 276 40 dolichocephaler
588 1850 103 41 Kopf,
717 1861 67 22 was
807 1852 41 31 im
864 1852 113 32 Elsass
1001 1852 71 40 arig

74 1901 80 32 selte
170 1901 79 41 isch,
275 1903 42 31 dü
339 1903 98 32 hesch
453 1904 109 31 même
580 1904 57 32 der
657 1904 183 40 klassischt,
866 1905 48 31 d'r
937 1906 133 31 charak-
