1 1
555 58 40 4 —
644 44 131 29 88 —

193 139 61 32 ein.
302 138 169 33 Während
505 140 57 31 der
585 139 90 32 Rede
700 140 90 31 Fritz
815 138 209 42 Grinsingers
1055 140 57 32 hat
1136 141 57 32 das

192 192 155 33 Personal
372 193 61 31 den
459 192 80 33 Sekt
563 192 146 32 serviert.
756 194 80 31 Man
860 194 99 31 stösst
982 190 64 45 an.)

125 247 106 31 Hans
257 246 249 40 Grinsinger:
541 247 97 31 Prost
662 246 179 33 allerseits!
889 245 304 43 (Durcheinander.)

126 300 109 32 Fritz
260 299 234 41 Grinsinger
518 299 65 40 (für
607 299 98 41 sich):
730 300 30 32 E
777 300 242 41 himmelheilig!
1040 326 57 7 ....
1116 301 78 32 Diss

192 354 80 39 geht
301 353 59 32 mir
391 353 82 33 doch
504 354 148 32 üwwer’s
683 353 289 41 Hemderknöpfel,
999 354 86 40 jetzt
1113 354 80 33 süffe

192 417 35 22 se
250 408 59 31 m'r
324 417 42 22 au
390 408 82 32 noch
489 408 39 31 de
545 405 234 43 Champagner,
800 417 49 23 wo
866 408 53 32 ich
933 407 49 33 for
1011 408 183 41 d'Fanfare

192 462 174 39 gerüescht
389 461 79 32 hab!
497 479 40 4 —

126 525 106 31 Hans
269 523 234 41 Grinsinger
542 522 52 42 (zu
633 524 91 31 Fritz
763 522 297 43 zurückkehrend):
1097 525 98 32 Prost

193 578 134 31 Vetter!
354 578 117 31 Weest
495 577 49 40 de,
571 587 16 22 e
611 576 176 33 imbosants
803 577 261 32 Rednerschenie
1087 577 50 33 bis
1155 578 39 32 de

193 641 43 22 nu
268 631 81 32 auch
380 631 118 40 gerade
523 630 82 40 nich,
639 641 118 22 awwer
789 631 51 32 dei
865 630 81 33 Sekt
979 631 27 32 is
1034 631 75 32 nich
1132 641 62 23 von

193 686 124 39 Pappe,
342 684 171 33 barbleeh!
541 702 22 4 —
585 683 164 43 (lachend)
782 684 84 41 „Ein
891 684 109 33 echter
1024 685 172 32 deutscher

194 740 101 31 Mann
311 740 86 30 kann
411 740 124 30 keenen
548 739 184 31 Franzosen
748 738 116 39 leiden,
883 738 78 32 aber
977 738 89 32 seine
1081 738 114 33 Weine

193 793 105 32 trinkt
318 802 34 22 er
382 791 115 41 gern!“
524 792 73 40 sagt
621 801 96 23 unser
741 792 79 33 oller
843 791 148 34 Schiller.
1029 792 60 42 (Es
1112 792 82 32 wird

195 846 152 32 immerzu
387 846 249 40 nachgegossen.
685 846 51 31 De
774 846 86 31 Rose
897 845 44 32 ist
978 845 58 32 mit
1075 845 119 32 seinem

197 898 101 34 Glase
322 898 275 42 nähergetreten.)

131 963 39 32 de
193 963 101 31 Rose
325 961 53 41 (zu
402 962 91 32 Fritz
520 961 233 42 Grinsinger):
786 962 31 31 A
840 965 90 29 votre
952 963 103 30 bonne
1077 961 119 33 santé!

201 1016 86 32 Cette
295 1017 77 40 fête
384 1019 47 29 est
446 1017 168 30 vraiment
626 1016 214 31 charmante!
864 1017 174 30 Vraiment
1052 1015 143 32 réussie!

128 1070 107 32 Hans
260 1069 226 41 Grinsinger
507 1068 93 42 (sich
623 1068 224 42 vorstellend):
874 1068 207 42 Grinsinger!
1106 1068 89 33 Mein

196 1124 102 32 Name
321 1123 43 32 ist
390 1123 204 40 Grinsinger!

131 1186 193 33 Gauthier
363 1186 239 41 (herbeieilend,
642 1186 69 32 sich
750 1183 223 43 verneigend):
1019 1185 175 33 Gauthier!

196 1240 91 32 Mein
311 1240 101 32 Name
436 1240 43 32 ist
503 1239 175 33 Gauthier!

131 1303 42 32 de
197 1303 112 32 Rose:
342 1304 142 31 Veuillez
508 1292 53 43 me
579 1302 173 40 présenter
776 1301 23 32 à
821 1312 51 21 ces
896 1302 204 31 Messieurs!

129 1356 110 33 Fritz
257 1356 246 40 Grinsinger:
530 1355 55 34 Sie
600 1356 174 40 gestatten,
793 1356 74 31 dass
894 1355 50 32 ich
972 1354 104 33 Ihnen
1103 1354 93 33 einen

197 1408 302 41 Geschäftsfreund,
527 1410 138 31 den...
684 1410 62 31 den
769 1410 171 31 Vertreter
963 1408 121 32 meiner
1107 1408 90 33 Kon-

196 1474 115 22 serven
342 1464 33 31 in
405 1464 201 31 Frankreich
636 1463 162 32 vorstelle.
845 1461 55 40 (de
923 1464 86 30 Rose
1039 1461 158 41 verbeugt

196 1518 85 37 sich;
325 1527 41 22 zu
395 1520 40 29 de
457 1517 115 41 Rose):
612 1516 61 33 Ces
696 1518 183 30 Messieurs
902 1518 79 30 dont
997 1516 39 40 je
1058 1526 80 22 vous
1161 1516 36 31 ai

193 1570 103 42 parlé
320 1596 73 7 ...

131 1626 42 31 de
196 1626 113 31 Rose:
342 1625 180 39 Es-ce-que
544 1635 52 21 ces
618 1625 183 31 Messieurs
816 1635 41 20 ne
879 1625 233 38 comprennent
1130 1632 67 31 pas

197 1681 29 30 le
241 1678 162 41 français
416 1679 19 30 ?

129 1732 109 32 Fritz
263 1731 247 40 Grinsinger:
547 1731 48 32 Er
635 1730 95 41 frägt,
763 1730 39 33 ob
830 1730 131 40 jemand
997 1728 198 33 französisch

197 1786 132 39 spricht.
356 1784 74 41 (alle
454 1783 189 42 verneinen)

130 1840 108 31 Hans
264 1838 232 40 Grinsinger
527 1837 70 42 (mit
626 1838 243 39 ausgelassener
893 1834 213 42 Lustigkeit):
1143 1834 52 33 Na

195 1892 50 40 ob,
270 1892 52 32 ich
345 1891 134 40 spreche
515 1891 129 40 perfekt
679 1890 194 33 franszösch.
922 1888 71 43 (mit
1017 1888 174 33 auffallend
