1 1
554 77 46 17 —
636 65 54 35 72
734 74 35 25 —

126 162 205 33 Gauthier:
357 162 59 32 Ich
439 162 109 31 werde
565 160 54 34 Sie
644 171 113 30 wegen
773 161 216 40 Beleidigung
1003 162 185 39 verklagen,

191 216 53 32 ich
267 216 66 31 will
358 216 80 31 doch
462 215 107 40 sehen,
596 215 40 31 ob
654 215 154 31 deutsche
824 215 134 31 Richter
982 224 33 22 es
1035 215 154 40 zugeben,

193 270 72 30 dass
301 278 73 22 man
409 269 93 31 einen
536 268 34 31 in
605 269 104 31 Treue
745 278 40 21 zu
820 267 120 40 König,
977 267 122 32 Kaiser
1126 269 65 30 und

191 322 104 32 Reich
329 321 290 41 aufgewachsenen
646 321 187 32 Deutschen
868 330 34 23 so
930 321 33 31 in
991 321 111 32 seinen
1124 321 66 32 hei-

192 375 118 40 ligsten
335 374 165 33 Gefühlen
523 375 164 31 verletzen
712 372 107 33 darf?!

127 437 63 32 Dr.
214 437 257 40 Kneppchen:
499 436 76 40 Gut,
600 437 52 31 ich
679 437 109 31 werde
812 436 210 40 Widerklage
1040 435 151 41 erheben,

192 491 52 32 ich
268 491 84 32 habe
375 492 32 30 in
433 491 52 31 die
505 489 165 33 Vernunft
694 491 56 30 der
766 490 134 31 Richter
923 490 89 31 mehr
1027 490 166 32 Zutrauen

192 545 62 31 wie
278 545 34 31 in
336 545 51 31 die
411 545 89 31 Ihre!

126 607 107 32 Fritz
258 606 232 41 Grinsinger
514 605 64 43 (für
600 606 95 41 sich):
721 608 158 40 Attrape!

127 670 62 31 Dr.
214 669 256 41 Kneppchen:
521 669 73 33 Und
631 680 65 21 nun
734 669 83 33 habe
851 670 52 32 ich
927 669 148 32 wirklich
1099 668 94 32 keine

195 723 83 32 Lust
301 723 97 39 mehr,
424 723 103 32 meine
542 723 75 32 Zeit
632 723 58 32 mit
705 723 103 32 Ihnen
824 734 40 21 zu
880 723 159 32 verlieren
1052 721 142 43 (wendet

195 777 68 31 sich
299 786 39 21 zu
373 777 151 39 Auguste
554 777 64 31 und
650 774 177 43 Ehrstein).
875 777 109 31 Wenn
1012 776 52 31 ich
1091 776 102 31 meine

195 831 128 31 Herren
353 830 163 39 Kollegen
544 830 104 31 bitten
681 829 80 41 darf,
799 840 96 22 unsre
924 829 120 32 Arbeit
1075 829 119 32 wieder

196 883 243 33 aufzunehmen.
465 882 141 42 (wendet
629 883 68 32 sich
722 885 56 30 der
802 884 85 31 Türe
910 883 107 32 rechts
1041 881 64 41 zu.)
1136 882 58 32 Ich

197 936 159 41 empfehle
380 937 97 32 mich!
503 934 73 45 (alle
602 937 67 32 drei
694 937 53 38 ab)

131 999 213 34 Gauthier:
371 999 99 33 Solch
494 1000 51 32 ein
569 1000 263 32 unverschämter
854 999 134 33 Patron!
1021 999 67 31 Der
1110 998 85 32 Kerl

196 1053 44 32 ist
262 1055 167 30 verrückt!
455 1052 87 43 (Auf
563 1054 64 31 und
653 1053 38 32 ab
716 1054 32 31 in
773 1063 127 30 grosser
924 1050 218 42 Aufregung.)

131 1117 105 31 Hans
262 1116 232 40 Grinsinger
529 1115 164 41 (abseits):
736 1117 130 30 Akurat
900 1116 94 31 wie'n
1029 1114 99 32 Löwe
1163 1114 33 32 in

198 1170 77 31 seim
301 1169 115 41 Käfig!
444 1188 39 3 —
514 1167 52 44 (zu
591 1167 170 44 Gauthier)
791 1170 92 31 Aber
909 1169 109 38 lieber,
1052 1169 145 38 gutester

198 1224 210 39 Karlemann,
434 1233 34 22 so
492 1224 47 31 sei
563 1224 81 31 doch
667 1222 197 41 vernünftig.
912 1222 72 39 Rej’
1016 1222 73 31 dich
1115 1221 82 31 doch

198 1276 91 33 nicht
312 1287 33 21 so
369 1276 58 32 uff!
476 1277 74 32 Wir
579 1276 141 33 Sachsen
750 1277 71 31 sind
852 1276 79 32 doch
961 1276 88 32 sonst
1077 1281 33 26 so
1144 1284 53 30 ge-

198 1330 161 32 mietliche
381 1330 115 39 Leute,
521 1330 73 32 nich
618 1331 99 38 wahr,
742 1329 127 33 Fritz?!

133 1393 110 32 Fritz
261 1392 245 40 Grinsinger:
532 1393 53 38 Ja,
599 1393 131 39 gewiss!
748 1393 86 31 Herr
848 1392 160 33 Gauthier
1019 1391 177 40 beruhigen

201 1445 53 34 Sie
271 1447 67 31 sich
356 1444 104 44 (Hans
477 1447 64 30 und
557 1447 90 31 Fritz
664 1447 120 31 suchen
797 1445 160 33 Gauthier
969 1444 225 39 festzuhalten,

201 1510 52 21 um
275 1500 111 31 besser
410 1499 58 32 auf
488 1500 55 31 ihn
569 1500 149 31 einreden
742 1510 40 21 zu
806 1497 151 43 können.)

134 1561 206 33 Gauthier:
389 1562 57 32 Ich
481 1563 130 31 schicke
644 1563 64 31 ihm
747 1563 184 31 ausserdem
969 1561 79 32 noch
1094 1560 103 31 meine

200 1617 145 38 Zeugen!
386 1617 131 38 Mangel
542 1626 39 21 an
599 1616 142 39 Bildung
764 1616 56 31 hat
843 1625 35 22 er
900 1615 60 32 mir
976 1612 220 42 vorgeworfen

200 1670 65 30 und
289 1670 204 32 Unkenntnis
518 1670 91 39 dazu,
635 1679 33 22 so
693 1669 70 31 eine
788 1667 218 33 Gemeinheit!
1045 1667 53 31 Da
1125 1667 72 31 hört

201 1723 79 33 doch
305 1724 79 31 alles
408 1723 69 32 auf!

133 1786 107 31 Fritz
266 1784 246 41 Grinsinger:
543 1786 177 31 Bedenken
744 1784 55 33 Sie
823 1784 91 39 doch,
939 1784 57 31 das
1019 1783 83 40 gäbe
1127 1781 70 32 eine

201 1837 255 33 Skandalaffäre!
484 1837 65 41 (für
573 1837 81 42 sich)
678 1838 148 39 Heiliger
846 1837 189 33 Strohsack!

135 1900 201 33 Gauthier:
362 1901 67 32 Das
454 1901 42 31 ist
520 1901 58 31 mir
605 1911 82 31 ganz
715 1900 166 32 Wurscht!
908 1898 92 34 Ganz
1017 1898 177 40 schnuppe!
