1 1
454 80 41 4 —
544 66 62 29 105
654 80 40 5 —

110 161 128 31 stammt
265 159 137 33 nämlich
432 164 36 28 üs
495 160 139 40 Preisse,
664 161 62 31 sini
753 161 93 33 Eltre
884 162 64 32 han
976 164 129 32 Riemer

108 214 138 40 gheisse,
272 224 43 21 un
338 213 45 32 sie
408 213 71 32 sinn
503 217 37 28 üs
564 214 203 41 Magdeburg
794 215 72 39 gsin
890 216 121 40 (grosse
1039 218 66 31 Un-

107 268 80 31 ruhe
211 267 65 32 und
299 267 188 39 allgemeine
511 267 292 41 Verwunderung).

42 321 178 32 Rièmer:
246 322 41 30 Je
308 321 72 30 suis
393 321 115 39 fichu!

41 375 78 31 Ein
142 374 197 40 Mitglied
364 374 70 31 der
456 372 199 33 Fanfare:
680 374 88 32 Herr
784 374 144 39 Rièmer,
954 376 67 32 isch
1039 377 66 32 diss

108 426 130 34 wohr?!

41 481 179 32 Rièmer:
246 480 57 32 Ihr
326 481 115 39 Herre,
474 489 34 23 es
538 480 69 32 isch
631 480 101 32 schun
755 491 35 22 so
821 482 75 40 lang
920 483 85 39 here,
1032 483 73 33 dass

107 535 80 31 ich’s
211 535 116 31 selwer
350 534 108 32 nimmi
481 534 91 32 recht
595 534 116 32 weiss.
738 559 6 7 .
772 560 6 6 .

41 589 206 40 Auguste:
289 588 50 32 Do
374 590 46 28 du
457 591 86 27 reste
581 587 289 33 d’Geburtsschien
905 599 74 22 vum
1018 591 87 31 Herr

106 642 137 32 Rièmer
265 641 209 32 sine-n-Eltre
498 640 197 42 (überreicht
718 641 137 33 Rièmer
878 643 51 31 die
948 642 156 34 Geburts-

107 694 152 41 scheine).
291 697 87 30 Vous
397 698 186 37 permettez.

40 757 77 33 Ein
141 758 197 40 Mitglied
375 758 69 31 der
468 756 198 33 Fanfare:
704 758 186 33 Demnooch
929 759 71 32 hätt
1039 761 66 31 also

107 812 108 31 unseri
227 813 78 38 guet
321 811 170 32 elsässisch
505 810 144 33 Societät
660 810 173 42 johrelang
844 813 81 31 zwei
939 812 166 34 Schwowe

84 865 47 32 als
153 865 192 32 Präsidente
369 863 127 42 g’hett?

42 928 78 32 Die
142 928 253 40 Mitglieder
420 928 69 32 der
512 927 197 33 Fanfare:
748 927 84 33 C’est
861 930 147 36 honteux,
1031 930 75 31 c’est

108 981 199 42 dégoutant
291 977 17 51 !

42 1044 77 33 Die
141 1044 248 40 Mitglieder
413 1045 68 31 des
507 1044 323 33 Sachsenbundes
848 1043 255 43 (schadenfroh):

108 1099 91 31 Tolle
223 1097 121 33 Sache!
369 1099 51 31 Zu
444 1098 106 40 ulkig!

41 1152 77 32 Die
135 1152 232 40 Mitglieder
384 1153 65 30 der
472 1151 181 32 Fanfare:
671 1150 211 33 Démission!
897 1152 209 31 Démission!

42 1206 163 31 Rièmer
228 1204 94 42 (lässt
345 1206 68 31 sich
436 1204 203 33 verzweifelt
656 1204 58 32 auf
735 1205 93 31 einen
845 1204 94 33 Stuhl
955 1204 147 41 sinken):

108 1258 213 33 Démission?
342 1258 142 41 Nüskejt
508 1263 37 27 üs
569 1258 48 32 d'r
640 1259 172 40 Fanfare!
847 1258 78 32 Diss
950 1258 69 32 isch
1042 1259 64 31 min

108 1313 84 32 Tod!

41 1375 78 32 Ein
142 1375 200 41 Mitglied
368 1376 69 31 der
460 1374 199 33 Fanfare:
685 1375 76 32 Wie
778 1375 92 32 stehn
894 1370 52 50 mir
964 1374 85 39 jetzt
1066 1375 39 32 do

107 1430 99 31 vor'm
230 1430 117 31 Baron
369 1432 40 29 de
432 1430 104 31 Rose!
560 1447 42 3 —

42 1483 183 32 Durand:
251 1483 57 32 Ihr
331 1483 117 40 Herre,
473 1483 39 32 do
538 1482 133 40 d’rwäje
701 1482 120 33 brüche
846 1481 54 33 Sie
924 1482 68 31 sich
1020 1483 86 30 kenn

108 1537 106 40 gröüji
236 1537 91 33 Hoor
350 1536 130 33 wachse
503 1546 37 22 ze
564 1537 62 39 lon,
652 1537 84 30 denn
751 1536 60 45 d'r
835 1536 116 30 Baron
966 1537 40 29 de
1021 1536 85 30 Rose

108 1590 69 32 isch
201 1600 68 22 ewe
293 1600 34 23 so
351 1590 85 32 weni
459 1590 142 32 Franzos
625 1590 62 31 wie
711 1587 131 34 Baron?

41 1645 98 31 Alle
165 1643 299 42 (durcheinander):
498 1644 87 33 Oho!
618 1644 81 31 Was
724 1643 67 32 isch
823 1641 89 33 diss?
937 1660 41 3 —
1003 1642 99 32 Hört!

109 1699 102 31 Hört!
237 1697 138 34 Wieso?

41 1752 184 32 Durand:
250 1751 49 32 Im
323 1753 117 30 Baron
462 1754 40 28 de
524 1751 85 31 Rose
633 1750 85 32 siner
732 1750 120 31 Vatter
875 1749 70 31 hett
967 1748 137 32 nämlich

108 1805 98 32 Isaak
235 1806 86 31 Roos
352 1805 122 40 g’heise
504 1814 65 21 unn
599 1804 68 31 isch
698 1807 37 28 üs
759 1802 112 32 Berlin
901 1802 87 39 gsin!
1021 1800 84 41 (All-

108 1859 145 39 gemeine
276 1852 276 46 Überraschung).

41 1912 118 32 Fritz
184 1911 252 41 Grinsinger
460 1910 67 42 (für
550 1909 94 41 sich):
669 1910 30 32 E
723 1911 114 38 gueter
860 1907 107 33 Stoss!
