1 1
452 61 51 28 —
536 47 49 42 93
630 57 50 25 —

28 152 106 32 Hans
159 151 234 40 Grinsinger
416 149 163 43 (verneigt
608 151 68 32 sich
704 149 279 43 liebenswürdig):
1019 152 74 38 Oui,

94 206 65 37 oui,
184 206 64 36 oui,
274 205 144 40 Allong!

27 268 56 31 De
107 269 98 31 Rose
229 266 167 43 (versucht
413 266 135 32 deutsch
572 276 40 22 zu
636 265 184 41 sprechen):
846 267 54 40 Ja,
923 266 46 40 ja,
991 267 101 40 ja...

26 330 105 32 Hans
157 329 240 40 Grinsinger
420 329 54 39 (zu
497 329 90 31 Fritz
614 327 218 42 Grinsinger)
867 329 82 32 Was
987 329 56 32 hat
1069 330 26 32 ’r

93 383 82 33 eben
198 381 135 42 gesagt?

25 446 110 32 Fritz
160 444 248 41 Grinsinger:
433 444 49 32 Er
505 444 57 32 hat
578 444 69 32 sich
669 444 145 32 bedankt
830 444 104 41 dafür,
961 446 73 31 dass
1052 445 42 32 du

90 498 200 33 Frankreich
312 498 84 32 hoch
418 497 96 33 leben
537 498 74 31 hast
634 498 117 32 lassen.

25 562 114 32 Hans
164 560 247 40 Grinsinger
435 561 53 39 (zu
511 563 40 28 de
575 560 114 40 Rose):
721 560 74 37 Oui,
820 561 65 36 oui,
902 562 187 39 allong
1029 556 17 49 .
1062 556 29 49 —

92 614 91 33 Aber
206 614 161 32 natürlich
390 615 65 31 lass
490 614 52 31 ich
565 614 200 31 Frankreich
789 614 104 31 läben.
923 612 169 43 (schüttelt

90 671 40 29 de
154 669 85 31 Rose
263 667 72 32 aufs
359 677 82 22 neue
466 668 51 31 die
542 665 112 42 Hand)
679 668 73 30 Wir
778 668 176 31 Menschen
971 668 71 31 sind
1055 667 37 40 ja

90 723 61 31 alle
177 722 134 31 Brüder.
354 721 74 37 Oui,
446 722 64 36 oui,
529 722 64 36 oui,
608 720 121 38 liberté,
748 720 131 41 égalité,
886 720 205 41 fraternité!

25 785 46 31 de
93 785 126 31 Rose:
244 785 53 38 Ja,
319 782 45 41 ja,
387 783 51 39 ja!

23 847 113 32 Hans
162 846 268 39 Grinsinger:
461 846 85 32 Oui!
569 846 72 31 oui!
666 846 72 31 oui!
763 863 39 3 —
828 845 76 32 Und
928 845 62 32 wie
1019 846 74 39 sagt

90 901 55 31 der
169 900 136 32 Dichter
329 909 34 23 so
387 899 113 32 schön:
529 898 98 41 „Seid
640 899 231 40 umschlungen
884 897 206 34 Millionen!“

92 953 119 41 (macht
235 953 51 32 die
312 952 101 33 Geste
439 953 55 31 des
518 952 215 40 Umarmens).

23 1017 45 31 de
92 1017 121 32 Rose:
239 1017 53 39 Ja,
314 1015 46 41 ja,
383 1015 44 40 ja.
463 1015 149 40 (umarmt
638 1014 203 41 Grinsinger)
884 1014 88 33 Cher
1001 1025 89 22 com-

85 1071 162 40 patriote!

25 1132 208 33 Gauthier
256 1130 202 42 (ärgerlich):
484 1131 99 33 Diese
608 1131 183 32 Franzosen
816 1131 71 31 sind
911 1140 62 23 von
1003 1131 88 31 einer

90 1186 160 40 geradezu
273 1185 262 40 widerwärtigen
558 1184 319 41 Aufdringlichkeit!

22 1248 131 33 Marie
178 1248 113 39 (bietet
315 1247 82 33 Sekt
420 1246 70 42 an):
517 1248 136 31 Wenn’s
676 1246 138 33 beliebt!

23 1303 43 32 de
90 1303 106 31 Rose
221 1301 148 41 (ergreift
393 1301 51 32 ein
470 1299 111 42 Glas):
617 1301 30 31 A
672 1304 89 28 votre
784 1303 101 29 bonne
908 1299 111 33 santé!
1052 1317 36 4 —

90 1354 285 33 Gesundheitlich!
402 1355 59 32 Ja!
488 1354 59 33 Ja!

22 1410 112 31 Hans
159 1408 255 40 Grinsinger
438 1407 171 42 (ebenfalls
635 1407 52 32 ein
712 1407 80 33 Glas
818 1405 181 41 ergreifend
1024 1407 65 31 und

89 1461 219 41 anstossend):
335 1462 135 40 Sangté!
499 1479 31 4 —
563 1462 99 37 boire,
679 1463 62 30 bon
764 1462 98 31 boire.
888 1460 60 41 (sie
964 1461 124 31 stossen

89 1516 121 32 wieder
234 1515 53 40 an)

24 1570 46 32 de
93 1570 124 32 Rose:
242 1570 54 39 Ja,
318 1569 53 39 ja!

23 1623 116 32 Fritz
165 1623 251 40 Grinsinger
440 1621 67 43 (für
530 1621 99 40 sich):
654 1621 64 32 Die
742 1620 80 33 süffe
845 1621 60 31 m’r
927 1620 62 32 alle
1006 1620 83 31 mine

91 1675 232 41 Champagner,
348 1685 95 23 wenn
467 1676 47 31 sie
538 1675 58 31 mir
612 1685 60 21 nur
687 1675 49 31 nit
754 1684 42 22 au
812 1673 82 33 noch
911 1682 56 23 ans
989 1673 101 39 buffet

89 1730 149 39 gerothe!

23 1783 110 31 Hans
159 1781 243 41 Grinsinger
426 1780 283 43 (verständnisvoll
726 1783 40 29 de
779 1781 84 32 Rose
878 1777 209 44 zunickend):

90 1838 152 30 boire...
268 1843 212 33 manger...
517 1834 120 42 (macht
662 1835 50 31 die
748 1834 101 33 Geste
881 1834 56 31 des
952 1830 137 43 Essens)

90 1891 64 36 oui,
179 1891 65 35 oui,
269 1891 119 30 oui...
