1 1
448 62 228 35 — 97 —

23 163 208 34 Gendarm
256 161 112 42 (durch
393 161 50 32 die
467 161 97 31 Mitte
587 161 120 39 herein,
732 159 141 43 knapp):
901 161 30 32 'n
948 161 134 33 Abend!

91 235 40 4 —
157 217 75 39 (Die
257 216 187 40 Mitglieder
468 216 56 31 der
548 215 115 32 beiden
687 215 261 33 Gesellschaften
979 216 106 32 treten

89 270 33 32 in
153 270 61 32 den
248 270 112 38 Raum,
397 269 108 32 rechts
539 270 146 30 kommen
721 269 51 31 die
806 269 188 40 Mitglieder
1030 269 55 31 des

92 323 279 39 Sachsenvereins,
421 322 85 32 links
542 322 50 31 die
627 323 55 31 der
706 324 152 40 Fanfare
881 333 40 21 zu
960 323 124 31 stehen.

90 377 157 31 Einzelne
271 377 188 39 Mitglieder
483 376 55 31 des
568 374 272 34 Sachsenvereins
868 375 105 33 haben
1004 377 82 31 noch

90 431 69 31 ihre
183 431 107 31 Teller
312 429 33 32 in
370 430 56 31 der
448 429 99 32 Hand
572 430 63 31 und
660 439 92 22 essen
784 429 134 32 stehend
949 428 136 42 weiter).

23 493 118 32 Fritz
165 492 256 41 Grinsinger
445 489 242 44 (verbindlich):
725 492 63 32 Mit
819 502 68 22 was
918 494 86 30 kann
1035 492 53 32 ich

92 547 69 31 dem
185 547 108 31 Herrn
319 545 164 33 Gendarm
507 544 205 34 aufwarten
696 540 17 50 ?

25 617 221 34 Gendarm:
283 618 88 31 Herr
402 616 200 40 Grinsinger,
629 626 34 22 es
687 617 43 31 ist
752 617 60 31 mir
836 617 119 33 soeben
979 618 111 39 mitge-

89 671 73 32 teilt
185 671 140 40 worden,
359 671 73 31 dass
466 672 87 36 „vive
583 672 35 30 la
653 669 162 41 Frangss“
852 671 71 31 hier
955 671 135 40 gerufen

90 725 131 32 worden
237 724 52 32 ist.
326 723 76 42 (Die
419 724 187 40 Mitglieder
622 724 57 31 der
692 723 151 41 Fanfare
852 724 236 41 protestieren).

90 779 109 31 Wenn
217 777 54 33 Sie
289 778 59 31 mir
364 778 60 31 den
441 777 219 41 Deliquenten
677 777 89 33 nicht
781 777 146 33 namhaft
946 779 143 40 machen,

90 841 34 23 so
148 841 86 22 muss
258 831 51 32 ich
335 831 54 33 Sie
414 831 64 31 und
503 831 62 31 den
588 831 164 33 Vorstand
784 832 57 32 der
870 833 133 31 sattsam
1037 832 56 32 be-

90 886 142 32 kannten
252 886 153 40 Fanfare
428 885 182 32 verhaften.

19 948 166 33 Rièmer:
211 949 93 31 Mais
319 949 74 31 c'est
409 949 140 40 infecte!
574 946 75 42 (Die
665 948 188 41 Mitglieder
869 949 57 32 der
941 950 152 40 Fanfare

87 1002 214 40 protestieren
324 1000 153 42 lebhaft).

20 1064 116 32 Fritz
184 1064 267 40 Grinsinger:
506 1064 248 32 Nundebuckel!
802 1065 136 32 Widder
969 1075 16 22 e
1009 1065 79 40 neiji

87 1117 110 33 Affär
187 1113 13 50 !

22 1181 44 31 de
90 1181 123 32 Rose:
244 1180 112 42 Quelle
378 1180 92 33 scène
494 1182 209 39 imposante!

19 1243 113 32 Hans
164 1242 252 41 Grinsinger
445 1242 83 43 (sich
559 1244 68 31 dem
660 1242 163 34 Gendarm
855 1244 228 41 vorstellend)
1067 1238 19 52 :

88 1296 201 40 Grinsinger,
324 1297 63 32 mei
420 1297 102 32 Name
546 1297 28 32 is
614 1297 200 41 Grinsinger.
852 1298 70 40 (mit
945 1298 137 41 Humor)

86 1350 59 32 Ich
175 1350 76 32 teile
283 1350 70 32 dem
385 1350 223 33 verehrlichen
631 1351 263 40 Polizeiorganus
918 1352 64 40 mit,
1009 1353 74 31 dass

85 1404 102 31 meine
204 1404 190 40 Wenigkeit
412 1405 88 39 „vive
517 1407 34 29 la
566 1403 164 41 Frangss“
755 1404 136 41 gerufen
916 1406 64 31 hat.
1006 1404 77 43 (Die

85 1457 187 40 Mitglieder
295 1458 57 31 der
372 1459 154 39 Fanfare
549 1459 150 31 verraten
723 1467 126 31 grosses
873 1458 207 42 Erstaunen).

21 1519 205 33 Gendarm:
266 1519 66 33 So?
370 1538 40 4 —
445 1521 77 32 Und
557 1519 55 35 Sie
647 1525 131 28 räumen
813 1522 56 32 das
902 1531 35 23 so
973 1532 108 22 unum-

84 1573 139 32 wunden
247 1572 74 33 ein?

17 1636 108 31 Hans
150 1635 233 41 Grinsinger
405 1635 216 43 (gemütlich):
659 1638 135 31 Warum
826 1638 60 32 soll
917 1638 52 32 ich
997 1638 84 32 mich

86 1689 83 32 denn
207 1690 203 32 schenieren!
458 1690 82 33 Was
575 1691 44 32 ist
654 1691 84 32 denn
773 1692 42 31 da
850 1691 110 41 d’rbei,
997 1692 84 32 mein

84 1744 145 38 gutester
286 1743 294 41 Ordnungssorger,
636 1745 111 32 wem’r
804 1746 118 31 andere
975 1745 106 33 Leute

84 1795 94 33 leben
208 1795 103 34 lässt?
353 1815 38 4 —
417 1798 133 31 Warum
580 1798 102 32 sollen
712 1799 84 32 denn
827 1799 39 32 de
894 1800 187 32 Franzosen

84 1849 74 32 nich
187 1850 105 40 läben,
324 1860 34 23 es
388 1850 72 33 sind
486 1851 37 40 ja
550 1852 59 32 och
644 1853 77 39 gute
758 1851 323 34 Christenmenschen

83 1903 63 32 wie
169 1903 82 32 mir?
