1 1
582 40 45 30 —
669 40 45 28 60
751 50 50 18 —

159 139 194 39 Auguste
385 137 71 40 (hat
487 137 122 32 schnell
640 137 92 32 einen
763 137 82 32 Fuss
881 136 101 41 Olgas
1014 136 117 33 erfasst
1162 138 64 32 und

226 191 109 32 nimmt
365 190 161 32 ernsthaft
558 191 56 31 das
645 188 124 43 Mass):
812 191 112 39 Länge
955 191 272 40 zweiundvierzig

226 243 197 34 Centimeter
450 269 106 7 ....

159 316 116 32 Fritz
301 315 250 40 Grinsinger
575 314 65 43 (für
657 314 96 41 sich):
779 316 129 37 Diable,
931 315 52 32 die
999 315 125 32 schient
1139 315 87 33 uff'm

226 379 17 22 e
266 379 110 30 grosse
392 370 103 31 Fuess
512 378 37 23 ze
569 369 97 32 läwe!
688 386 40 3 —
746 369 63 39 (Zu
826 368 162 41 Auguste)
1005 369 60 31 D'r
1082 368 145 33 Gücksel

226 423 81 32 noch
324 423 90 39 emol,
437 423 160 40 Auguste,
618 422 85 40 jetzt
728 422 92 32 bisch
837 422 42 32 dü
896 422 107 40 glauw
1019 422 51 32 ich
1088 432 40 22 au
1143 423 83 33 noch

226 476 258 33 Schuehmacher
507 474 146 34 worre?!
683 494 37 3 —

159 549 216 40 Auguste:
400 548 122 40 Babbe,
549 548 27 32 ’s
591 549 68 31 isch
680 567 63 12 ....
769 547 59 32 m'r
851 548 64 33 han
935 567 78 12 ...
1039 548 58 31 m’r
1119 549 106 31 welle-

224 612 53 22 n-e
311 602 216 39 Berechnung
562 602 137 31 anstelle
735 605 141 28 üewwer
890 601 23 32 's
939 602 186 31 Verhältnis
1160 612 65 22 vun

226 656 57 32 der
307 655 120 33 Grösse
460 665 66 22 vun
562 655 39 32 de
624 655 103 32 Füess
763 665 59 22 zue
859 654 47 32 d'r
931 654 120 34 Grösse
1085 665 66 22 vun
1187 656 38 31 de

227 704 102 50 Köpf.

159 781 115 32 Fritz
311 780 273 40 Grinsinger:
620 780 58 32 Ich
709 780 55 32 bin
795 780 167 40 nejgierig,
999 779 49 34 uff
1075 790 67 23 was
1173 780 52 33 fur

224 834 78 33 Idee
326 834 57 32 Ihr
412 834 82 33 noch
523 835 127 30 kumme
673 838 97 27 wäre.
802 832 68 43 (Ab
896 834 100 32 durch
1028 834 51 32 die
1102 832 122 42 Mitte.)

226 888 68 31 Der
321 888 86 31 Kerl
429 888 91 31 wurd
556 888 58 31 m’r
648 888 82 32 noch
765 897 82 31 ganz
881 889 153 30 verruckt
1064 888 57 31 mit
1150 888 74 32 dere

224 941 175 40 Messerej
388 937 12 48 !

159 1011 125 42 Olga:
311 1012 55 33 Sie
389 1012 91 32 hätte
503 1012 84 32 mich
610 1012 39 33 do
666 1011 107 33 fascht
797 1012 33 32 in
854 1022 18 23 e
895 1012 111 33 schöni
1022 1012 202 41 Verläjeheit

224 1065 165 41 gebrocht.

158 1137 192 40 Auguste
386 1134 237 45 (aufstehend):
660 1138 251 31 Mademoiselle
942 1137 95 40 Olga,
1073 1141 64 36 gän
1169 1136 55 34 Sie

223 1191 60 31 mir
306 1191 154 33 Antwort
490 1190 47 32 uff
565 1191 75 31 mini
664 1190 111 40 Fröuj.
821 1191 108 32 Welle
954 1190 55 34 Sie
1038 1191 77 31 mini
1138 1191 87 31 Frau

225 1248 87 28 wäre
326 1243 15 32 ?

160 1315 124 41 Olga:
321 1315 59 32 Ich
403 1324 105 23 muess
533 1315 49 32 ’ne
612 1315 135 40 g’stehn,
782 1315 74 32 dass
881 1314 54 34 Sie
966 1315 83 32 mich
1081 1315 39 32 do
1150 1315 33 32 in
1207 1324 17 23 e

224 1378 111 31 grosse
366 1371 177 29 embarras
566 1369 123 40 bringe.
736 1369 178 32 Erschtens
938 1378 106 23 muess
1068 1369 51 32 ich
1142 1369 82 32 Ihne

224 1432 107 29 saaue,
365 1422 73 31 dass
468 1422 53 31 ich
550 1422 43 31 im
618 1432 17 21 e
659 1421 297 41 Jungfraueverein
989 1422 129 40 anghör,
1162 1422 62 32 wie

225 1476 29 31 d’
280 1475 188 40 Mitglieder
490 1476 111 40 gelobt
624 1475 74 41 han,
723 1476 49 31 nit
795 1485 37 22 ze
856 1476 157 31 hierothe.

157 1537 214 41 Auguste:
396 1537 42 40 Ej
464 1539 98 31 trette
587 1537 54 34 Sie
666 1537 128 33 einfach
817 1538 125 32 widder
964 1541 48 29 üs.

160 1599 125 41 Olga:
311 1600 76 32 Diss
411 1602 86 30 kann
521 1600 52 32 ich
597 1600 57 41 nit,
679 1600 53 32 ich
754 1600 56 33 bin
833 1600 42 32 im
892 1600 174 40 Vorstand,
1091 1600 54 32 ich
1167 1599 56 33 bin

227 1652 295 33 Schatzmeisterin.

159 1716 213 39 Auguste:
406 1714 321 34 Schatzmeisterin?!
768 1733 41 4 —
848 1715 52 40 Ei,
936 1715 95 32 wisse
1066 1714 54 34 Sie
1143 1724 78 30 was,

227 1778 123 23 nemme
374 1768 54 33 Sie
461 1769 83 32 mich
569 1778 90 23 zuem
694 1768 129 40 Schatz,
858 1778 43 23 un
936 1772 86 28 wäre
1058 1768 54 33 Sie
1146 1768 76 32 mini

226 1821 300 33 Schatzmeisterin!
570 1839 38 4 —
650 1820 47 43 (in
721 1823 150 31 anderem
894 1819 102 43 Tone)
1032 1821 87 33 Sehn
1156 1821 63 40 Sie,

226 1874 61 33 wie
312 1875 47 32 dis
383 1876 70 31 nett
476 1879 77 37 wär,
578 1884 95 23 wenn
685 1874 59 33 m’r
767 1875 180 32 mitnander
963 1874 142 33 stüdiere
1119 1874 100 41 thäte,
