1 1
575 78 42 5 —
666 64 61 29 108
774 79 41 4 —

232 157 78 40 sein,
335 167 94 22 wenn
454 158 92 31 deine
580 158 139 32 Tochter
754 159 92 31 einen
869 159 267 41 Franzosenkopf
1160 161 65 31 hei-

231 212 93 39 ratet,
351 211 56 31 der
432 211 80 32 dazu
536 212 81 31 noch
642 211 51 32 ein
716 212 113 32 halber
852 210 120 34 Sachse
997 212 54 33 ist!

166 273 202 33 Gauthier:
394 275 65 31 Tut
481 284 67 22 was
571 258 63 48 Ihr
651 275 90 31 nicht
763 275 106 32 lassen
893 276 116 31 könnt!

166 335 114 41 Olga:
305 336 161 41 Auguste!
494 333 233 45 (Umarmung.)

164 399 106 32 Hans
295 398 246 41 Grinsinger:
568 399 136 32 Welche
724 398 285 42 gosmobolidische
1027 400 197 37 Berschbek-

232 451 66 33 dife
323 447 135 50 eröffnet
477 452 71 32 sich
573 451 75 33 da?!
687 471 40 3 —
765 453 175 39 „Jauchze,
962 453 90 40 juble
1076 455 62 31 mei
1163 454 62 33 Ge-

230 506 134 40 miedhe,
389 506 76 31 bald
488 505 94 32 blüht
606 516 17 21 e
648 507 204 39 allgemeiner
875 506 254 33 Erdenfriede
1096 501 35 50 !“

144 568 82 41 Dr.
252 569 259 39 Kneppchen:
550 569 76 32 Und
650 578 94 22 wenn
767 569 53 31 ich
843 579 52 21 um
912 569 87 32 eines
1014 569 105 33 bitten
1143 570 80 40 darf,

230 621 147 32 heiraten
405 620 54 34 Sie
494 631 34 23 so
557 622 122 32 schnell
706 623 63 31 wie
796 623 147 39 möglich,
981 623 82 31 denn
1096 623 51 32 ich
1170 623 55 33 bin

231 675 74 32 sehr
339 677 168 38 gespannt,
538 676 51 31 die
617 675 352 33 Schädelformationen
1002 676 94 32 Ihrer
1122 677 103 32 Nach-

230 730 147 31 kommen
400 729 165 32 studieren
588 739 40 22 zu
651 731 137 31 können.

163 791 108 31 Hans
296 789 244 42 Grinsinger:
564 791 77 33 Und
664 801 43 21 nu
730 791 47 32 sei
800 791 59 32 m’r
882 792 231 39 gemüethlich!

165 852 190 33 Gendarm
386 852 226 42 (vortretend):
642 853 55 34 Sie
720 854 104 40 gehen
848 853 57 33 mit
928 854 72 32 mir!

163 916 108 32 Hans
297 915 247 40 Grinsinger:
569 916 96 32 Nanu
688 917 133 32 machen
845 916 42 33 Se
910 918 103 31 keene
1036 917 143 32 Mährte!

165 977 203 34 Gendarm:
415 979 108 32 Keine
547 979 374 40 Beamtenbeleidigung,
958 979 54 33 Sie
1052 979 70 32 sind
1156 990 69 22 ver-

229 1031 115 32 haftet.
370 1032 55 33 Sie
447 1032 105 32 haben
578 1033 104 39 „Vive
706 1035 35 29 la
764 1032 163 41 Frangss“
951 1032 144 40 gerufen.

163 1094 107 32 Hans
296 1093 249 42 Grinsinger:
570 1094 92 32 Aber
687 1094 151 33 erlauben
855 1093 55 34 Sie
933 1095 76 40 mal,
1036 1095 55 32 das
1108 1096 119 32 kommt

230 1147 80 32 doch
333 1147 48 32 uff
403 1147 38 33 de
465 1148 179 33 Umstände
668 1158 50 22 an.

163 1209 206 33 Gendarm:
395 1210 64 32 Die
482 1210 123 33 Polizei
628 1210 56 33 hat
708 1210 68 33 sich
800 1211 89 31 nicht
905 1221 53 21 um
982 1210 50 32 die
1048 1211 177 32 Umstände

229 1273 40 22 zu
307 1265 165 31 kümmern
518 1263 69 43 (ihn
629 1263 198 42 anfassend):
867 1264 64 32 Die
961 1264 123 32 Polizei
1125 1266 100 30 kennt

230 1326 60 22 nur
312 1317 69 31 ihre
403 1317 211 33 Instruktion.
651 1317 77 33 Nun
751 1318 157 32 vorwärts
932 1317 150 33 Marsch
1075 1310 15 56 !
1108 1314 117 46 (Packt

228 1370 56 32 ihn
308 1380 50 22 am
382 1370 159 40 Kragen).

162 1432 90 32 Alle
281 1431 276 43 (protestierend):
582 1433 93 32 Aber
697 1434 109 32 lassen
828 1432 54 34 Sie
906 1433 56 32 ihn
987 1433 94 32 doch!

162 1494 106 32 Hans
302 1494 233 40 Grinsinger
573 1492 137 45 (lebhaft
737 1495 259 40 gestikulierend
1019 1494 81 33 wird
1130 1494 94 41 abge-

229 1545 118 43 führt):
384 1548 102 31 Awer
508 1548 100 33 hören
632 1558 34 23 se
689 1549 72 39 mal,
795 1548 51 32 ich
869 1548 159 40 oboniere,
1045 1548 52 32 ich
1119 1549 105 39 prote-

229 1600 106 41 stiere,
360 1601 52 32 ich
428 1602 108 31 werde
560 1602 60 31 mir
642 1602 216 31 beschweren.
884 1602 52 31 Da
959 1602 55 31 is’s
1031 1602 32 31 in
1081 1600 142 34 Sachsen

229 1654 84 31 denn
338 1654 80 33 doch
441 1655 232 39 gemietlicher!
702 1672 40 4 —

621 1750 141 34 Schluss.
