1 1
441 56 40 4 —
529 42 41 28 95
596 56 64 11 —

14 137 106 33 Fritz
145 135 238 41 Grinsinger
407 134 67 43 (für
498 135 98 41 sich):
637 137 41 31 Ei
710 137 41 31 dü
781 137 112 31 liewer
921 137 155 32 Alledaa!

79 189 216 42 (verzweifelt
339 187 219 43 zuschauend)
611 189 31 32 E
666 190 186 32 Nundedié!
889 191 187 31 Nundedié!

77 243 187 32 Nundedié!
292 243 62 32 Die
378 243 144 31 verdaxe
545 243 59 31 m’r
627 243 125 32 radikal
778 244 93 31 alles!

12 307 104 32 Hans
142 306 237 39 Grinsinger
403 303 54 43 (zu
482 306 62 31 den
564 306 219 40 Mitgliedern,
802 306 52 32 die
870 306 59 33 auf
942 307 55 32 ihn
1015 307 63 32 ein-

77 357 172 43 stürmen):
275 359 83 32 Halt
381 359 137 40 Kinner,
544 359 74 32 nich
642 369 36 23 so
703 360 108 32 dichte
835 361 72 31 ran!
934 359 50 43 (er
1006 361 72 31 teilt

78 413 51 31 die
151 413 133 31 Platten
308 410 71 42 aus)
415 412 91 40 Hier,
544 422 67 22 wer
644 412 69 32 will
747 413 86 31 diese
866 413 212 33 Gänseleber-

77 464 165 43 pastete?!
269 464 134 43 (Zuruf:
428 465 68 39 Ich,
521 463 84 43 ich!)

10 529 107 32 Fritz
143 528 234 39 Grinsinger
402 525 66 44 (für
492 525 99 43 sich):
641 527 28 34 O
693 528 89 32 weh!
817 528 48 32 Im
881 530 119 31 Müller
1016 529 62 32 sini

76 584 142 30 terrine!

11 645 105 32 Hans
141 644 223 40 Grisinger:
406 644 83 32 Wer
523 644 67 31 will
626 644 52 32 die
712 644 365 40 Hummer-Majonäse
1061 639 17 50 ?

77 697 133 43 (Zuruf:
236 698 68 40 Ich,
330 695 84 43 ich!)

11 761 107 32 Fritz
143 761 235 40 Grinsinger
424 759 67 43 (für
530 758 99 43 sich):
699 761 48 31 Im
786 761 173 32 Präsident
992 761 86 32 siner

77 815 177 31 Homard!

11 877 103 32 Hans
132 876 249 40 Grinsinger:
399 876 82 32 Wer
495 876 51 31 die
556 876 174 32 Krabben!
751 870 149 52 (Zurufe:
916 876 66 40 Ich,
996 874 80 43 ich!)

11 939 106 32 Fritz
142 939 231 40 Grinsinger
420 937 66 44 (für
524 937 110 42 sich):
672 939 48 31 Im
757 939 220 31 Piston-Fritz
1016 939 61 31 sini

75 993 192 32 Krevettle!

12 1056 103 31 Hans
139 1054 250 41 Grinsinger:
415 1055 70 32 Nur
502 1055 110 32 immer
629 1056 67 31 ’ran
708 1055 104 32 meine
824 1054 249 33 Herrschaften!

77 1108 261 41 hereinspaziert.
357 1108 121 33 Grosse
493 1109 183 38 Fütterung
688 1108 184 32 sämtlicher
884 1108 190 32 Raubtiere!

78 1160 135 43 (Grosse
237 1160 199 43 Heiterkeit)
461 1162 130 32 Kinder
614 1162 65 32 und
703 1161 124 32 Militär
851 1162 144 32 erhalten
1020 1162 56 31 das

78 1215 177 41 Doppelte!
282 1214 146 43 (erneute
448 1213 202 43 Heiterkeit)

14 1278 105 32 Fritz
144 1278 232 40 Grinsinger
400 1275 176 44 (wütend):
602 1278 95 32 Alles
721 1278 142 31 verdaxe
887 1287 34 22 se
945 1277 59 32 mir
1019 1277 58 32 mit

80 1330 134 42 Stumpf
234 1342 65 21 unn
324 1331 97 33 Stiel!

16 1385 41 32 de
80 1386 112 31 Rose:
219 1384 51 33 Là
286 1396 41 21 on
344 1387 171 30 reconnaît
528 1387 34 30 la
575 1387 101 30 bonne
680 1384 187 41 fourchette
879 1386 197 35 alsacienne,

78 1441 70 29 cela
164 1440 74 40 fait
256 1441 130 39 plaisir
408 1438 22 33 à
453 1440 91 31 voir!

15 1500 105 32 Fritz
145 1500 242 40 Grinsinger:
434 1501 65 32 Oui
529 1503 70 30 cela
620 1500 74 40 fait
718 1501 139 40 plaisir.
897 1498 66 43 (für
993 1497 82 42 sich)

80 1555 137 31 Wenn’r
239 1564 126 23 numme
389 1556 122 31 wüesst
534 1555 77 32 wie!

16 1606 106 33 Hans
147 1607 230 41 Grinsinger
402 1607 177 42 (Nachdem
605 1608 50 31 die
679 1609 119 39 Menge
829 1607 67 32 sich
927 1606 57 32 mit
1015 1607 61 31 den

80 1661 129 32 Tellern
232 1661 33 32 in
290 1662 60 31 den
375 1661 125 33 Garten
520 1670 159 30 verzogen
696 1661 64 39 hat,
779 1661 57 31 mit
852 1661 102 31 einem
970 1659 106 32 Teller

81 1714 33 31 in
138 1715 57 31 der
217 1715 98 31 Hand
340 1725 40 22 zu
403 1715 90 32 Fritz
521 1712 234 42 Grinsinger):
781 1714 109 31 Melde
913 1713 81 32 mich
1023 1722 53 30 ge-

81 1768 157 31 horsamst
262 1778 56 21 zur
342 1767 115 34 Stelle!
488 1767 147 34 Gelände
659 1777 71 22 vom
754 1767 102 32 Feind
886 1765 187 41 gesäubert!

81 1820 95 32 Alles
199 1821 58 31 mit
281 1820 133 41 Stumpf
435 1822 64 31 und
524 1820 81 33 Stiel
629 1820 264 32 verschwunden.
939 1820 74 32 Bist
1037 1819 39 31 de

83 1873 206 33 zufrieden?!
