1 1
575 93 49 9 —
670 78 38 36 30
757 93 23 3 —

151 176 117 32 Fritz
293 174 254 40 Grinsinger
571 173 169 42 (schüttelt
763 174 64 32 ihm
860 174 52 32 die
935 173 128 42 Hand):
1097 175 122 32 Besten

218 230 98 31 Dank
340 228 52 33 für
417 228 51 32 die
493 227 92 33 frohe
611 228 187 32 Nachricht.
846 228 69 32 Das
939 228 43 32 ist
1003 228 84 39 jetzt
1110 229 108 32 schön.

151 284 183 32 Madame
360 282 271 39 Grinsinger:
657 281 69 32 Das
742 281 107 32 macht
869 281 85 39 jetzt
969 282 134 32 meinem
1119 283 102 31 Mann

219 337 137 38 Freude,
383 336 58 32 auf
463 336 111 32 diesen
598 335 87 33 Titel
708 335 57 32 hat
780 335 84 31 mein
880 336 101 30 Mann
1005 336 98 32 schon
1126 336 96 40 lange

220 392 170 39 gespannt.

153 454 66 32 Dr.
244 453 276 41 Kneppchen:
545 452 76 33 Und
647 451 51 32 die
723 451 115 32 zweite
862 452 178 31 Nachricht
1069 452 44 32 ist
1140 452 82 33 noch

220 507 65 32 viel
310 506 217 33 erfreulicher.

154 561 119 33 Fritz
299 560 276 39 Grinsinger:
611 559 93 32 Noch
741 557 232 34 erfreulicher?
1012 560 146 31 Handelt
1190 569 33 22 es

224 615 69 31 sich
318 624 50 22 am
390 614 95 31 Ende
509 623 59 30 gar
591 623 52 21 um
668 613 92 32 einen
784 613 206 32 sächsischen
1015 611 135 35 Orden?

156 669 65 32 Dr.
246 667 280 41 Kneppchen:
563 666 93 33 Doch
690 666 105 33 nicht!
836 667 64 32 Um
935 668 101 30 etwas
1066 667 64 32 viel
1165 666 60 33 Er-

224 721 209 32 freulicheres
444 721 6 31 !

157 776 117 32 Fritz
299 774 264 40 Grinsinger:
588 774 54 39 Ja,
672 775 87 31 kann
784 783 33 22 es
835 774 84 32 denn
943 774 81 32 noch
1049 776 100 30 etwas
1166 774 59 32 Er-

226 828 208 33 freulicheres
458 825 147 43 geben
564 821 53 52 ?!
632 846 41 3 —

158 883 69 32 Dr.
251 882 275 40 Kneppchen:
560 881 138 40 Gewiss,
738 881 71 40 gibt
845 891 34 22 es
911 882 71 31 das!
1010 882 143 33 Gewiss!
1180 883 46 31 Es

227 936 133 32 handelt
390 936 69 31 sich
490 935 138 32 nämlich
660 945 51 22 um
734 934 75 33 Ihre
834 936 144 31 Familie.
1025 936 111 31 Hören
1162 936 63 40 Sie,

227 990 65 31 und
332 990 136 31 staunen
508 988 63 41 Sie,
613 991 101 30 etwas
752 999 68 22 was
867 988 54 34 Sie
960 990 266 32 wahrscheinlich

227 1044 102 31 selbst
352 1043 81 32 noch
458 1043 90 32 nicht
571 1043 118 32 wissen
714 1068 6 6 .
748 1068 6 6 .
759 1039 24 48 .

160 1098 117 33 Fritz
314 1097 251 40 Grinsinger
609 1095 200 43 (zerstreut):
849 1096 85 33 Nein
969 1096 51 33 ich
1059 1097 96 32 weiss
1194 1107 34 22 es

229 1152 89 31 nicht
343 1176 9 6 .
372 1166 16 15 .
407 1171 18 16 .

162 1215 63 32 Dr.
250 1214 275 40 Kneppchen:
550 1213 64 32 Mit
638 1213 103 32 einem
757 1213 105 40 Wort,
890 1213 54 33 Sie
967 1213 106 32 haben
1096 1213 134 32 Familie

229 1268 34 32 in
286 1266 153 34 Sachsen.
487 1267 131 39 Heilige
649 1267 265 32 Familienbande
942 1266 204 41 verknüpfen
1175 1266 55 33 Sie

230 1321 58 32 mit
312 1320 153 41 Sachsen,
491 1321 57 31 der
571 1321 133 32 Heimat
727 1321 93 32 Ihrer
843 1321 130 32 Eltern!

163 1375 117 33 Fritz
312 1373 226 41 Grinsinger
568 1372 195 43 (verblüfft):
796 1374 95 32 Ah?!
920 1399 6 6 .
951 1399 5 8 .
986 1399 6 6 .
1018 1373 52 41 So,
1095 1383 35 24 so
1156 1399 6 6 .
1190 1399 5 6 .
1219 1394 7 10 .

231 1428 74 32 sehr
329 1428 187 39 angenehm.

165 1482 64 32 Dr.
254 1482 276 40 Kneppcehen:
564 1482 53 39 Ja,
650 1482 89 31 nicht
769 1481 82 33 ohne
870 1491 111 30 grosse
1006 1482 100 31 Mühe
1129 1482 44 31 ist
1197 1491 34 22 es

232 1535 60 32 mir
314 1536 160 39 gelungen
491 1545 41 21 zu
553 1534 154 41 eruieren,
735 1536 72 30 dass
826 1534 200 41 Grinsinger,
1053 1536 56 31 der
1125 1534 106 33 reiche

233 1590 144 31 Rentner
395 1588 192 40 Grinsinger
612 1598 56 22 aus
684 1588 146 40 Leipzig,
858 1589 56 31 der
930 1589 191 39 Begründer
1145 1588 87 32 einer

233 1651 132 31 grossen
386 1642 319 39 Aktienwurstlerei,
729 1642 58 31 Ihr
809 1641 207 41 leibhaftiger
1040 1642 117 32 Vetter
1179 1642 52 31 ist.

167 1696 118 31 Fritz
318 1694 267 41 Grinsinger:
618 1694 52 41 So,
702 1705 45 30 so,
784 1695 74 32 sehr
887 1694 188 33 erfreulich!
1102 1713 40 4 —
1167 1693 66 43 (für

235 1746 82 43 sich)
343 1748 159 40 Sapristi.

168 1802 65 32 Dr.
258 1802 275 39 Kneppchen:
559 1802 68 32 Der
642 1802 172 32 Präsident
838 1802 56 31 des
917 1802 144 39 hiesigen
1079 1801 154 33 Sachsen-

235 1855 133 39 bundes,
382 1855 88 31 Herr
478 1854 168 40 Gauthier,
657 1855 57 31 der
721 1855 81 31 auch
811 1855 32 31 in
852 1855 381 31 verwandtschaftlichen

236 1908 232 40 Beziehungen
498 1918 40 21 zu
560 1909 106 31 Ihrem
696 1909 116 31 Vetter
835 1909 96 39 steht,
964 1909 151 31 erwartet
1134 1907 99 40 jeden

238 1962 70 38 Tag
332 1961 110 32 seinen
465 1962 138 32 Besuch.
