1 1
578 37 54 14 —
679 24 40 39 96
769 32 39 19 —

163 125 108 32 Fritz
296 122 246 40 Grinsinger:
578 120 29 33 O
629 119 49 40 ja!
715 119 184 33 Natürlich!
936 118 186 32 Natürlich!
1148 117 76 41 (Für

230 175 81 41 sich)
348 176 66 32 Hol
448 176 72 31 dich
553 175 47 31 d'r
633 173 126 33 Deifel!
819 173 46 32 Ja
912 173 49 38 do,
1009 182 94 22 wenn
1145 172 79 39 jetzt

232 231 186 40 d'Fanfare
441 228 135 33 kommt!

165 294 106 32 Hans
295 291 233 39 Grinsinger
563 287 267 45 (aufhorchend):
867 288 81 32 Was
983 288 61 32 is'n
1081 287 80 33 das?
1188 306 34 5 —

231 343 153 35 Musike?
422 343 85 43 (man
530 344 74 31 hört
627 352 63 23 von
707 342 90 32 ferne
821 342 62 31 den
911 341 131 32 Marsch
1066 342 160 38 „Sambre

232 402 29 29 et
280 398 133 32 Meuse“
431 395 136 42 spielen)
592 396 144 33 Noch’ne
759 393 154 33 Musike
895 389 14 52 ?
926 395 85 39 jetzt
1026 395 98 31 wirds
1140 395 84 32 fidel!

235 452 60 42 (Er
329 450 157 41 begleitet
514 450 51 32 die
590 450 117 39 Musik,
744 449 105 31 indem
878 458 34 21 er
943 449 61 30 den
1034 448 85 31 Takt
1149 447 78 33 dazu

234 503 160 42 schlägt)..

167 568 108 32 Fritz
301 567 204 39 Grinsiger
535 564 67 43 (für
624 563 97 42 sich):
747 565 208 40 d’Fanfare!
976 563 58 33 Ich
1057 565 48 31 tät
1124 564 104 32 liewer

236 621 206 39 d’Trumpete
459 629 65 22 vun
541 618 131 33 Jericho
689 618 77 32 oder
779 618 180 32 d’Posaune
972 627 74 21 vum
1059 617 169 40 jüngschte

236 674 136 33 Gericht
396 673 91 32 höre!
517 690 39 4 —
581 672 94 39 Nein,
702 681 34 23 so
762 681 16 22 e
802 671 85 32 Daa!
913 680 33 23 so
973 680 16 22 e
1014 671 84 31 Daa!

170 737 43 32 de
235 737 117 31 Rose:
383 735 51 32 On
451 737 105 30 dirait
574 737 34 30 la
624 735 167 37 „Sambre
806 737 29 28 et
851 734 134 31 Meuse“
1011 732 103 42 (Fritz
1130 732 98 33 Grin-

235 792 116 39 singer
375 789 90 31 nickt
488 786 219 42 bestätigend)
753 788 82 40 Quel
858 789 82 30 beau
963 788 106 39 geste!
1107 787 123 31 Encore

236 854 63 20 une
322 843 169 31 ovation?!
515 841 212 32 Décidément
749 842 32 30 si
804 842 29 29 le
852 843 255 37 gouvernement
1127 841 104 30 savait

236 899 41 29 de
302 898 103 39 quelle
427 895 244 32 considération
694 905 79 21 vous
788 895 157 39 jouissez,
970 895 26 30 il
1019 904 80 21 vous
1121 895 110 30 aurait

238 949 106 32 donné
374 951 34 30 la
432 948 127 41 Légion
593 950 191 29 d'honneur.
820 966 41 3 —
888 948 199 31 Savez-vous
1121 958 58 29 que
1197 947 35 40 je

237 1004 72 31 suis
332 1002 112 32 étonné
467 1005 39 28 de
530 1003 73 30 voir
626 1012 61 30 que
710 1005 35 28 la
763 1003 108 39 police
893 1012 40 20 ne
955 1003 69 30 s'en
1047 1002 84 30 mêle
1148 1001 86 40 pas?

172 1075 109 32 Fritz
307 1074 231 40 Grinsinger
563 1072 242 43 (verzweifelt):
838 1073 59 32 Ich
928 1072 56 32 bin
1013 1072 89 32 fütti!
1124 1072 107 42 fichu!

239 1128 164 33 Lächerli!
429 1128 150 31 Verlore!
618 1126 76 42 (Die
718 1127 111 32 Musik
852 1126 188 32 marschiert
1070 1125 63 33 auf.
1173 1125 58 32 Die

241 1180 221 34 Gesellschaft
485 1182 89 31 stellt
597 1181 69 32 sich
689 1181 43 31 im
755 1180 197 33 Türrahmen
978 1180 63 32 auf.
1075 1180 64 31 Die
1161 1179 70 31 Mit-

241 1236 122 39 glieder
401 1236 113 39 tragen
549 1235 114 31 weisse
699 1235 122 38 Hosen,
858 1234 118 31 dunkle
1011 1234 126 32 Jacken
1171 1232 60 32 und

242 1290 133 30 Mützen
399 1288 58 32 mit
481 1287 234 33 französischer
747 1289 117 39 Façon.
904 1288 105 31 Wenn
1039 1287 51 31 die
1116 1287 115 31 letzten

241 1342 88 32 Töne
353 1342 199 39 verklungen
576 1341 81 40 sind,
682 1341 72 32 tritt
778 1342 57 31 der
857 1341 173 32 Präsident
1052 1338 80 42 vor.)

176 1404 162 33 Rièmer:
375 1405 206 31 Mesdames!
620 1405 199 31 Messieurs!
867 1403 103 32 Chers
993 1404 107 31 amis!
1124 1420 39 3 —
1188 1399 44 43 (er

242 1458 81 32 wird
348 1458 234 32 unterbrochen
615 1458 100 31 durch
748 1458 86 31 Frau
869 1456 213 41 Grinsinger,
1115 1455 116 32 welche

242 1510 109 41 hastig
374 1519 62 23 von
459 1510 85 32 links
568 1509 252 42 hereinstürmt.)

178 1573 178 31 Madame
404 1572 263 40 Grinsinger:
715 1573 56 32 Ihr
817 1573 115 38 Herre,
981 1573 47 30 d'r
1074 1570 157 34 Gendarm

244 1626 137 31 kummt
408 1643 39 4 —
474 1624 52 41 (zu
549 1628 40 29 de
603 1623 99 40 Rose)
733 1627 50 31 Un
805 1628 193 38 gendarme.
1024 1623 106 42 (Alles
1154 1621 78 33 sieht

245 1678 67 32 sich
336 1679 208 30 verwundert
566 1677 75 41 um).

181 1749 45 31 de
250 1750 121 31 Rose:
408 1750 51 31 Un
485 1750 236 40 gendarme?!
750 1767 41 4 —
820 1751 62 35 Ah,
908 1750 174 36 vraiment,
1106 1750 68 30 cela
1195 1755 36 22 ne

246 1802 160 32 m’étonne
432 1813 76 30 pas,
542 1813 41 21 on
606 1813 23 21 a
653 1802 121 40 poussé
804 1804 148 30 l'audace
982 1806 73 35 trop
1080 1801 90 32 loin!
1192 1814 38 6 —

247 1856 30 30 A
302 1858 102 37 quelle
428 1857 76 29 lutte
527 1855 153 41 héroïque
702 1857 122 40 vais-je
848 1857 145 30 assister.
