1 1
433 85 39 4 —
521 70 39 29 73
611 79 40 18 —

5 168 106 32 Hans
138 166 243 40 Grinsinger:
418 166 136 32 Bedenk
582 166 62 31 mal
673 167 94 30 unter
796 165 152 41 Sachsen,
979 167 93 31 unter

70 230 59 22 uns
154 219 151 41 Sachsen,
331 219 89 32 nicht
442 219 91 32 wahr
556 218 137 33 Vetter?
712 245 29 6 ..
767 219 62 32 Die
842 220 225 31 Blamaasche!

4 275 106 31 Fritz
135 273 242 39 Grinsinger:
424 273 54 38 Ja,
507 272 170 32 bedenken
708 272 55 33 Sie
791 283 60 21 nur
879 275 94 30 unter
1012 282 58 23 uns

71 326 155 33 Sachsen!
253 327 99 31 Diese
380 327 222 31 Blamaasche!

5 382 104 31 Hans
135 380 242 40 Grinsinger:
418 379 63 32 Die
507 379 196 33 Geschichte
733 381 72 30 käm
842 380 81 31 doch
956 379 116 32 sicher-

71 434 63 32 lich
158 434 33 31 in
216 434 61 31 alle
301 434 192 39 Zeitungen.

5 488 106 32 Fritz
138 487 230 40 Grinsinger
392 486 65 39 (für
481 487 96 34 sich):
604 486 28 33 O
657 486 87 32 weh!

5 542 105 31 Hans
135 540 242 41 Grinsinger:
418 542 81 31 Was
523 545 127 27 müssen
675 541 82 31 denn
782 540 39 31 de
837 540 150 32 Elsässer
1009 550 63 22 von

71 605 60 21 uns
160 595 135 39 denken,
324 597 123 29 wenn's
474 595 119 39 heesst,
618 594 59 31 mir
702 594 164 32 Deutsche
901 596 172 37 vertragen

71 658 60 22 uns
155 648 74 32 nich
253 648 103 32 enmal
381 646 320 34 unterenander?!—

5 702 107 32 Fritz
137 701 231 40 Grinsinger
396 701 219 40 (heuchelnd):
666 702 43 32 Ja
745 701 127 40 gewiss,
903 701 169 33 bedenken

73 755 63 40 Sie,
162 765 67 22 was
254 756 129 32 werden
408 756 52 30 die
485 756 148 31 Elsässer
658 753 184 42 sagen?!
812 749 31 51 —

7 809 201 32 Gauthier:
234 809 69 31 Das
326 809 43 32 ist
393 809 58 31 mir
475 819 82 30 ganz
583 809 84 39 egal!

6 862 106 32 Fritz
138 862 248 41 Grinsinger:
410 863 110 31 Wenn
538 861 53 33 Sie
609 862 100 32 damit
726 862 248 32 einverstanden
991 861 80 40 sind,

72 926 33 22 so
130 916 67 32 will
221 916 52 32 ich
297 926 71 22 zum
392 916 88 32 Herr
494 915 169 33 Professor
687 916 113 39 gehen,
826 915 164 32 vielleicht
1006 916 67 30 ent-

72 970 163 39 schuldigt
259 979 34 22 er
317 970 77 32 sich.

8 1032 203 33 Gauthier:
238 1033 73 30 Wie
336 1032 54 33 Sie
414 1032 126 33 wollen.
587 1032 60 33 Ich
675 1032 153 40 verlange
848 1030 119 41 jedoch
991 1041 82 30 ganz

72 1086 214 40 kategorisch,
312 1087 136 31 erstens:
475 1087 73 31 dass
574 1096 33 21 er
623 1085 158 32 revoziert
806 1085 63 31 und
894 1084 180 41 depreziert

72 1140 65 31 und
161 1140 166 31 zweitens:
355 1140 72 31 dass
453 1150 34 21 er
503 1140 108 31 seinen
640 1139 257 38 „französischen
915 1136 158 43 Schädel“

72 1194 58 31 mit
144 1194 70 31 dem
223 1194 174 31 Ausdruck
411 1194 55 31 des
478 1193 134 32 tiefsten
623 1194 188 31 Bedauerns
821 1192 253 32 zurückzieht.
1051 1188 26 50 —

7 1247 106 31 Fritz
139 1246 230 41 Grinsinger
393 1246 182 42 (abgehend
599 1247 83 32 nach
712 1245 134 40 rechts):
894 1245 64 32 Die
987 1245 89 32 Nun-

73 1300 120 32 dedié’s
223 1300 179 33 Schwowe!
441 1301 25 31 's
494 1311 82 30 ganz
605 1302 72 30 Hüs
706 1300 111 32 mache
845 1309 34 22 se
908 1300 57 31 m’r
993 1299 78 32 lätz!

74 1351 52 45 (ab
150 1355 82 31 nach
256 1354 119 40 rechts)

9 1407 189 33 Gauthier.
222 1408 133 39 (wieder
380 1408 58 32 auf
459 1410 64 30 und
549 1406 63 43 ab).

7 1470 106 32 Hans
136 1469 232 42 Grinsinger
381 1470 176 42 (Gauthier
571 1481 40 22 an
626 1471 59 32 den
701 1470 172 33 Schultern
891 1470 183 39 anfassend,

69 1524 227 40 vertraulich):
323 1524 53 33 Nu
399 1525 59 32 hör
481 1525 61 32 mal
567 1524 111 40 lieber,
696 1526 146 38 gutester
859 1524 93 31 Karl.
978 1523 97 32 Mach

74 1578 59 31 mir
157 1579 102 30 keene
284 1578 151 32 Schosen.
477 1578 57 32 Ich
557 1578 55 31 bin
638 1578 50 31 dei
714 1578 107 34 Onkel
845 1578 65 31 und
933 1587 58 30 sag
1016 1575 57 41 d’r,

77 1632 24 30 ’s
125 1635 68 27 wär
217 1632 79 31 doch
318 1631 265 40 jammerschade,
624 1641 94 22 wenn
743 1632 51 31 die
811 1625 262 44 Überraschung,

76 1684 50 32 die
150 1684 60 31 wir
239 1684 103 32 beden
373 1686 130 38 gestern
527 1684 52 32 für
607 1685 125 31 meinen
757 1685 117 30 Vetter
897 1683 109 32 Fritze
1033 1682 42 32 im

76 1736 186 33 Geheimnis
302 1739 197 39 ausgeheckt
530 1739 85 39 ham,
659 1738 99 32 durch
797 1738 49 31 die
881 1736 195 33 Geschichte

76 1801 40 21 zu
138 1791 99 40 Essig
260 1792 120 31 würde.

11 1851 203 33 Gauthier:
241 1853 67 32 Das
332 1853 57 32 hat
413 1853 81 32 doch
517 1853 106 32 nichts
653 1854 57 31 mit
734 1854 57 31 der
815 1852 104 33 Sache
943 1862 41 21 zu
1006 1853 67 30 tun.

77 1907 94 32 Jetzt
204 1916 85 22 muss
322 1907 41 31 im
396 1906 173 41 Gegenteil
602 1907 51 32 die
683 1907 78 32 Idee
793 1908 65 30 erst
887 1905 91 32 recht
1010 1914 68 22 ver-
