1 1
445 63 41 4 —
535 49 39 28 57
626 63 49 8 —

17 145 96 32 Lisa
136 143 63 43 (am
223 141 168 44 Fenster):
420 144 106 37 Tiens,
553 144 38 32 do
616 144 123 32 kummt
761 144 47 32 sie
831 144 80 40 grad
928 143 49 33 d'r
1000 144 84 33 Hoft

84 198 76 32 erin.

17 260 185 33 Durand:
229 260 50 32 Do
303 260 94 31 welle
421 259 58 32 m’r
503 259 73 32 dich
600 259 48 32 nit
672 258 139 41 geniere.

16 323 247 33 Jeannette:
288 323 114 30 Bonne
426 323 137 30 chance!

15 377 183 31 Durand:
224 376 43 32 Et
290 378 61 29 bon
374 376 165 40 courage!
579 374 90 41 (Alle
694 375 69 32 drei
787 375 39 32 ab
851 375 83 32 nach
957 373 98 45 links)

16 430 190 40 Auguste
257 428 74 42 (den
363 429 121 32 Dreien
515 429 83 32 nach
630 428 48 33 bis
709 438 40 22 an
781 429 51 32 die
862 426 116 45 Türe):
1037 431 47 31 Ze

81 485 101 30 warte
207 483 91 39 doch,
333 492 53 23 eso
410 480 183 42 pressiert's
618 482 81 32 doch
723 482 56 31 nit.
806 480 176 43 (verlegen)
1002 483 82 32 Eine

82 547 53 23 eso
159 537 41 32 im
225 536 91 34 Stich
340 546 37 22 ze
401 536 53 33 lon
479 560 108 8 ....
628 535 149 41 Sapristi,
808 536 61 32 wie
897 537 75 32 m’rs
996 537 88 32 Herz

80 590 107 40 klopft
205 615 75 8 ....
305 591 52 31 ich
381 590 84 32 mein
478 590 52 31 ich
542 589 63 33 hab
624 599 17 22 e
654 590 104 40 grossi
775 591 152 31 Drumme
945 590 137 32 drin...

80 644 109 33 Wenn
212 644 51 32 ich
287 654 61 21 nur
370 646 130 37 wüesst,
530 644 62 31 wie
621 644 51 31 die
698 642 86 34 Sach
808 643 138 41 anfange
972 669 6 6 .
1005 669 6 6 .
1039 669 6 6 .
1073 668 6 7 .

80 698 86 39 Bah,
197 698 53 31 ich
285 697 195 33 verschieb’s
511 696 48 33 uff
587 697 246 32 e-n-andersmol
858 721 7 8 .
892 721 7 7 .
926 723 6 6 .
959 722 6 7 .
1005 695 80 43 (will

82 752 40 31 ab
147 752 82 31 nach
253 750 132 40 rechts).

13 815 102 39 Olga
139 813 114 41 (durch
277 815 51 31 die
353 812 125 43 Mitte):
505 815 152 40 Bonjour
680 814 87 32 Herr
791 812 202 42 Grinsinger.

15 868 205 39 Auguste:
245 867 66 40 Ah,
337 867 55 34 Sie
415 866 101 34 sin's?
540 868 153 40 Bonjour
726 869 267 31 mademoiselle!
1011 892 53 8 ...

80 921 66 41 (für
168 919 80 44 sich)
272 923 41 30 Je
335 923 71 30 suis
429 921 95 32 ému!

16 975 118 40 Olga:
181 975 75 32 Isch
281 974 48 32 d'r
351 975 88 32 Herr
454 974 170 34 Professor
639 975 206 40 Kneppchen
868 975 48 31 nit
941 973 64 34 do?
1022 975 59 32 Ich

81 1019 136 50 bring’m
242 1029 206 32 d’Abschrift
471 1038 74 22 vum
571 1027 232 42 Stenogramm.

19 1083 203 40 Auguste:
248 1083 56 31 Ah
327 1082 69 32 très
418 1084 82 36 bien,
526 1081 67 33 très
616 1084 73 30 bien
714 1107 7 7 .
747 1107 7 7 .
781 1107 7 7 .
815 1107 6 7 .
847 1083 90 40 doch,
964 1092 35 22 er
1015 1082 71 32 isch

85 1137 39 32 do
151 1161 105 7 ....
293 1136 66 43 (für
383 1137 81 40 sich)
499 1137 52 32 ich
583 1135 67 33 fass
673 1138 59 30 m'r
756 1146 17 22 e
796 1137 100 39 Herz,
921 1146 34 22 es
978 1146 106 22 muess

84 1191 88 31 erüs!

17 1244 119 40 Olga:
161 1244 104 32 Isch’r
289 1243 48 33 uff
357 1244 58 32 sim
439 1242 164 34 Zimmer
583 1238 22 50 ?

15 1298 205 40 Auguste:
257 1299 54 39 Ja,
344 1308 119 22 awwer
493 1299 102 31 warte
627 1297 64 41 Sie,
723 1297 53 33 ich
804 1297 72 32 hätt
909 1306 17 23 e
949 1297 72 32 Bitt
1045 1306 40 23 an

83 1351 64 40 Sie,
159 1351 52 32 Sie
217 1351 127 32 kumme
355 1351 137 32 nämlich
498 1351 62 33 wie
566 1351 142 40 geruefe,
716 1351 63 30 wie
793 1353 92 30 nooch
892 1350 147 33 Wunsch
1054 1375 28 6 ..

17 1404 121 40 Olga:
168 1406 84 30 Tant
275 1406 130 31 mieux!

16 1458 207 40 Auguste:
248 1458 60 33 Ich
331 1458 63 33 hab
419 1458 137 33 nämlich
582 1483 6 6 .
616 1483 6 6 .
650 1483 6 6 .
681 1458 53 32 ich
757 1459 66 32 sott
846 1458 138 32 nämlich
1009 1483 73 7 ...

82 1512 52 31 ich
157 1513 81 30 wott
260 1512 139 32 nämlich
425 1536 6 7 .
460 1537 6 5 .
492 1537 7 7 .
526 1536 6 7 .
572 1510 67 43 (für
664 1509 79 45 sich)
779 1512 93 32 Nom
899 1513 81 30 d'un
1003 1513 82 39 petit

83 1567 203 36 bonhomme,
312 1576 17 21 e
353 1576 34 23 so
411 1566 106 40 geht's
541 1566 62 31 nit!

19 1617 105 41 Olga
154 1615 73 45 (für
250 1615 108 45 sich):
400 1615 83 40 Was
513 1617 98 36 hett'r
636 1615 107 45 denn,
762 1619 39 39 er
822 1617 124 41 kummt
969 1622 57 33 m'r
1044 1624 37 36 so

83 1672 247 40 merikwüerdig
353 1671 98 34 vor?!
478 1671 54 44 (zu
555 1671 163 43 Auguste)
743 1673 63 32 Mit
829 1682 68 23 was
921 1673 87 31 kann
1032 1672 53 33 ich

85 1724 121 33 diene?
232 1751 106 6 ....

19 1778 202 41 Auguste:
271 1780 24 31 ‘s
326 1780 167 31 isch...
528 1789 33 22 es
593 1779 133 32 handelt
756 1779 70 32 sich
856 1789 52 22 um
937 1788 17 23 e
978 1779 107 32 kleine

83 1834 220 30 service...
335 1843 51 21 um
417 1843 16 21 e
466 1832 303 40 Kleinigkeit...
804 1834 24 30 's
858 1832 69 32 isch
959 1832 48 32 nit
1037 1831 48 33 d'r

87 1888 90 38 wert,
204 1887 73 31 dass
301 1888 56 30 m’r
383 1887 122 31 dervun
527 1886 80 32 redd
633 1910 73 7 ...
