1 1
480 100 38 17 —
571 86 30 37 13
657 98 41 18 —

48 189 117 33 Fritz
189 188 268 41 Grinsinger:
483 189 77 32 Diss
573 188 67 32 will
656 189 11 35 i
682 189 137 39 glauwe,
839 189 73 32 dass
926 189 65 32 diss
1003 189 113 32 Buech

114 243 110 32 succès
247 242 92 32 wurd
355 242 80 31 han!
460 242 175 40 Bsunders,
662 244 123 29 wenn’r
800 242 58 32 mit
882 243 102 31 warte
1007 242 51 33 bis
1075 252 41 22 an

115 297 48 31 d'r
180 296 191 40 Fasenacht,
393 296 40 32 do
445 300 156 27 wäre-n-r
617 305 17 22 e
650 295 258 41 Bumbegschäft
918 296 58 32 mit
988 296 126 32 mache
1090 291 26 50 !

114 349 102 41 (lacht
239 348 145 41 wieder.)

50 411 104 41 Olga
180 411 122 41 (Typus
332 412 89 32 einer
444 410 175 34 Studentin
650 413 120 31 kommt
800 411 58 32 mit
886 411 89 32 einer
998 413 118 39 Mappe

114 467 94 31 unter
217 466 70 31 dem
294 466 82 32 Arm
386 474 62 24 von
459 463 136 43 rechts):
610 465 147 39 Pardon,
769 475 94 22 wenn
873 465 53 32 ich
937 465 178 40 derangier.

48 529 210 40 Auguste:
285 527 54 33 Sie
365 528 188 40 derangiere
576 528 48 32 nit
647 528 43 32 im
713 528 216 39 geringschte.

50 591 121 40 Olga:
198 590 55 34 Sie
277 591 88 39 solle,
390 600 94 23 wenn
509 590 56 33 Sie
588 600 35 23 so
647 592 79 38 guet
742 591 93 32 welle
859 591 59 39 sin,
943 590 71 32 nuff
1027 600 89 23 zuem

115 644 170 33 Professor
308 646 127 31 kumme
460 644 48 33 uff
528 645 50 31 sin
601 645 149 32 Zimmer.

49 707 117 33 Fritz
192 707 256 40 Grinsinger
471 705 66 42 (für
560 705 99 43 sich):
684 707 67 39 Ah,
782 716 78 31 was,
893 707 56 31 der
976 707 70 32 isch
1070 707 47 31 als

116 761 83 32 noch
223 759 65 34 do?
313 779 41 3 —

50 832 207 40 Auguste:
282 832 48 32 Im
355 832 181 33 Auesblick
560 830 54 42 (zu
632 832 91 32 Fritz
742 830 215 43 Grinsinger)
976 831 54 33 Tu
1042 842 75 31 per-

116 888 80 29 mets
214 897 101 30 papa,
353 887 73 31 dass
450 886 52 32 ich
527 886 49 32 dir
588 886 181 32 d’Mamsell
788 885 163 32 Gauthier
973 886 143 39 vorstell,

118 939 175 33 Stüdentin
329 940 57 32 der
419 940 189 39 Philologie.
666 940 54 33 Sie
755 939 84 33 helft
872 940 50 31 im
949 939 169 33 Professor

117 994 206 39 Kneppchen
346 993 52 33 bie
424 994 48 31 d’r
494 993 192 40 Abfassung
710 1003 87 22 vunn
821 993 58 32 sim
901 994 125 32 Werik.

53 1056 119 40 Olga:
198 1056 59 31 D'r
272 1056 88 32 Herr
375 1056 169 33 Professor
559 1056 135 32 diktiert
708 1066 65 21 unn
790 1056 52 32 ich
863 1056 253 40 stenographier.

51 1118 117 32 Fritz
193 1118 265 41 Grinsinger:
487 1117 163 33 Gauthier
666 1118 104 32 heisse
788 1116 77 34 Sie?
890 1117 58 34 Sin
964 1117 55 35 Sie
1036 1118 82 33 ebbe

117 1171 34 33 in
163 1172 116 32 Famili
290 1167 99 51 mit'm
403 1173 86 31 Herr
503 1171 172 40 Gauthier,
689 1171 165 42 capitaine
867 1182 41 22 en
917 1171 158 33 retraite?
1084 1169 35 34 ..

53 1242 119 41 Olga:
198 1243 94 40 Nein,
316 1244 123 32 minner
456 1243 113 33 Babbe
592 1244 68 32 isch
684 1244 152 32 Beamter
858 1253 66 22 unn
946 1244 69 32 isch
1033 1254 16 21 e
1066 1252 53 32 ge-

119 1297 135 33 borener
278 1297 109 41 Sachs,
420 1307 33 22 er
477 1298 67 32 isch
569 1298 98 31 même
690 1298 173 32 Präsident
885 1307 75 22 vum
986 1297 133 33 Sachse-

119 1350 97 33 bund.
263 1350 166 41 Ejentlich
470 1351 105 32 heisse
610 1353 59 30 m’r
702 1350 168 41 Gauthier,
903 1351 216 32 awwer'sisch

120 1413 33 24 so
178 1414 17 23 e
220 1404 176 33 fuerichter
418 1405 142 32 Namme.

53 1467 112 31 Fritz
190 1467 267 40 Grinsinger:
484 1467 177 33 Gauthier!
686 1467 59 31 En
769 1468 95 40 effet!
888 1485 40 4 —
953 1469 53 39 Ja,
1032 1477 87 23 awer

122 1519 53 33 Sie
200 1521 98 32 redde
318 1521 35 40 jo
378 1521 181 39 elsässisch,
583 1521 62 32 wie
670 1531 49 22 am
744 1521 167 33 Schnürel.

56 1581 119 42 Olga:
201 1584 53 39 Ja,
279 1584 53 31 ich
347 1583 56 32 bin
420 1593 40 22 au
476 1584 41 31 im
533 1584 113 31 Elsass
670 1576 117 48 gebore
812 1594 65 22 unn
893 1584 225 41 uffgewachse,

122 1636 51 32 ich
186 1636 55 32 bin
257 1637 168 32 Elsässere
441 1647 65 22 unn
524 1636 88 33 füehl
628 1638 83 31 mich
729 1647 40 22 au
781 1647 82 31 ganz
881 1638 46 32 als
939 1638 177 32 Elsässere.

55 1698 117 32 Fritz
198 1697 252 42 Grinsinger
474 1699 225 40 (enttäuscht):
726 1700 65 39 Ah,
817 1700 154 40 zellewäj.

58 1760 119 41 Olga:
202 1762 52 39 Ja,
292 1760 55 34 Sie
372 1762 179 39 exküsiere,
586 1763 52 30 ich
673 1762 56 33 bin
764 1763 69 39 arig
866 1762 164 40 pressiert,
1066 1762 53 32 ich

145 1825 105 22 muess
274 1816 93 31 heim.
393 1815 258 40 (verabschiedet
673 1816 78 32 sich.
779 1815 77 38 Ab.)

58 1876 203 40 Auguste:
286 1879 53 39 Ja,
365 1888 65 22 unn
453 1878 59 31 mir
535 1879 93 31 welle
651 1877 70 32 nuff
742 1888 90 22 zuem
855 1877 184 33 Professor!
1066 1876 52 42 (ab

123 1930 58 31 mit
203 1931 154 31 Ehrstein
380 1931 82 32 nach
485 1930 133 42 rechts.)
