1 1
586 78 42 5 —
676 65 41 28 74
763 78 42 6 —

222 159 164 32 wirklicht
424 159 148 39 werden,
615 158 133 33 brillant
788 169 85 22 muss
916 159 47 32 sie
1000 161 222 32 verwirklicht

221 213 139 31 werden.
386 211 54 34 Sie
465 212 42 33 ist
520 212 150 40 übrigens
684 213 98 32 schon
795 222 34 23 so
842 215 58 38 gut
914 213 61 32 wie
987 214 232 32 verwirklicht.

156 267 106 32 Hans
286 265 242 41 Grinsinger:
571 265 64 34 So?
672 266 57 33 Sin
769 267 63 31 alle
872 267 109 32 Herrn
1028 276 72 23 vom
1139 269 83 31 Vor-

224 320 94 32 stand
344 319 107 32 d’rmit
475 318 269 34 einverstanden?

157 381 202 33 Gauthier:
387 381 139 40 Gewiss,
550 392 116 22 unsere
680 382 79 32 Idee
775 383 43 31 ist
843 382 192 40 einstimmig
1054 392 169 31 angenom-

223 446 71 21 men
318 434 152 34 worden?
494 435 69 33 Das
579 437 187 39 Programm
790 437 43 31 ist
849 438 79 30 kurz
952 435 180 41 folgendes:
1163 438 60 30 Am

224 489 145 41 Sonntag
399 489 81 32 wird
509 490 57 31 der
596 488 233 34 Sachsenbund
858 490 93 31 einen
974 489 141 41 Ausflug
1142 491 82 31 nach

224 543 71 31 dem
324 542 211 40 Odilienberg
569 543 134 32 machen
738 543 64 32 uud
838 553 49 22 am
918 543 119 33 Abend
1069 543 58 32 auf
1153 545 70 31 dem

222 597 170 39 Rückweg
425 597 132 31 werden
579 596 61 32 wir
664 596 115 32 deinen
799 597 118 32 Vetter
940 597 90 32 Fritz
1054 597 58 32 mit
1137 597 87 32 einer

223 648 162 34 Serenade
414 649 58 32 auf
497 650 120 31 seinem
641 650 153 40 Landgut
821 650 52 31 bei
897 651 83 31 Barr
1009 650 215 33 überraschen

222 703 65 32 und
311 703 88 32 seine
423 703 201 41 Ernennung
648 713 71 22 zum
742 702 257 33 Hoflieferanten
1024 703 111 32 feiern.

156 765 106 32 Hans
286 764 244 41 Grinsinger:
578 765 117 40 Bravo,
727 765 48 32 uff
802 765 50 32 die
876 759 252 47 Überraschung
1152 765 71 32 freu

221 818 53 32 ich
298 819 96 31 mich!
420 819 118 31 Weess
561 819 218 40 Kneppchen!
805 818 94 33 Aber
921 819 75 31 nich
1019 819 202 32 schwatzen
1204 814 22 50 !

223 871 192 34 Sonnabend
445 872 64 32 reis
536 872 52 32 ich
617 871 40 33 ab
688 873 64 31 und
784 873 155 39 schwupp
971 872 83 40 dich,
1085 871 55 33 bin
1172 872 50 32 ich

222 935 50 22 am
298 925 145 41 Sonntag
466 926 121 31 wieder
611 926 53 31 da!

156 987 203 34 Gauthier:
390 989 135 32 Famose
548 982 266 47 Überraschung!

155 1051 109 32 Fritz
289 1051 234 41 Grinsinger
545 1051 76 42 (von
645 1049 134 44 rechts):
805 1051 90 32 Mein
918 1051 88 33 Sohn
1031 1051 192 32 verhandelt

223 1104 80 33 eben
315 1105 58 32 mit
389 1105 69 32 dem
474 1104 179 34 Professor.
678 1105 47 32 Er
741 1104 79 33 hofft
837 1105 51 32 die
901 1104 104 34 Sache
1021 1105 198 39 beizulegen.

155 1168 108 32 Hans
289 1167 243 41 Grinsinger:
557 1168 63 33 Um
644 1177 34 23 so
702 1167 119 33 besser.
860 1168 224 32 Unterdessen
1105 1167 117 33 wollen

220 1222 61 31 wir
308 1222 81 31 zwei
416 1222 53 39 (zu
497 1219 173 43 Gauthier)
698 1231 40 22 en
765 1222 135 31 kleenen
917 1222 144 31 Bummel
1078 1221 141 31 machen.

221 1275 31 31 E
276 1275 110 33 Licht-
409 1275 65 32 und
498 1275 146 33 Luftbad
667 1276 87 31 kann
778 1275 82 33 nach
890 1275 70 32 dem
983 1275 239 39 Bruderkriege

221 1328 107 32 nischt
350 1328 149 33 schaden.

157 1390 203 33 Gauthier:
408 1391 52 32 Da
488 1391 75 32 hast
593 1392 43 31 du
666 1391 100 40 recht,
798 1390 60 32 mir
887 1390 43 33 ist
955 1391 56 31 der
1034 1389 96 42 Kopf
1151 1399 70 23 zum

221 1445 136 31 Platzen
380 1445 79 32 voll!

156 1507 106 32 Hans
286 1506 244 41 Grinsinger:
556 1507 51 32 De
630 1507 73 32 hast
727 1507 81 32 doch
831 1508 101 31 keene
955 1506 128 32 Erbsen
1107 1504 112 33 drine?

157 1569 190 33 Gauthier
371 1568 81 42 (sich
476 1579 62 23 von
562 1570 91 32 Fritz
685 1569 205 41 Grinsinger
917 1567 301 41 verabschiedend):

222 1621 172 41 Empfehle
411 1623 83 31 mich
511 1623 210 31 uuterdessen
738 1620 68 44 (mit
829 1623 93 31 Hans
940 1621 191 40 Grinsinger
1155 1618 63 43 ab).

156 1676 107 32 Fritz
304 1675 244 40 Grinsinger:
596 1676 231 33 Vermaledeiti
867 1675 166 40 Gschicht,
1074 1684 17 22 e
1129 1684 34 22 so
1203 1684 16 21 e

224 1728 234 41 Skandalaffär,
485 1730 51 31 die
560 1730 49 32 tät
632 1729 56 32 m’r
700 1729 85 39 jetzt
808 1729 80 40 grad
912 1728 81 32 noch
1017 1727 95 32 fehle.

156 1791 177 40 Auguste
357 1789 75 43 (von
449 1791 133 41 rechts):
607 1792 107 39 Papa,
733 1790 51 32 ein
799 1790 150 32 Resultat
972 1789 127 32 hawich
1119 1789 100 31 schun

223 1844 148 39 erreicht,
397 1844 48 32 d'r
468 1845 88 31 Herr
578 1843 169 34 Professor
770 1843 142 33 verzicht
937 1843 80 31 emol
1045 1841 101 33 schun
1173 1840 48 33 uf

223 1897 61 32 sini
308 1897 182 40 Gejeklaau
512 1897 74 42 geje
611 1898 39 32 de
673 1897 87 32 Herr
784 1895 170 34 Gauthier.
