1 1
582 50 42 10 —
672 39 40 31 46
761 53 41 6 —

151 134 119 32 Fritz
295 133 274 41 Grinsinger:
594 134 40 31 In
651 132 233 34 Gottesnamen
908 134 99 32 denn!
1034 134 80 40 (Für
1130 133 91 43 sich.)

219 188 77 31 Diss
320 187 69 32 isch
414 188 58 30 m’r
488 197 17 22 e
522 187 77 32 lätzi
617 187 113 32 Affär!
755 187 59 32 Ich
831 188 150 39 Mitglied
997 197 73 23 vom
1088 187 134 34 Sachse-

217 240 103 33 bund!
346 241 111 31 Wenn
481 240 65 33 diss
563 241 48 31 d’r
627 242 119 31 Baron
769 243 40 29 de
834 242 84 31 Rose
941 242 117 31 wüsst!

153 294 207 33 Gauthier
384 293 121 43 (macht
529 294 70 32 eine
617 294 97 33 Notiz
735 295 33 31 in
789 295 69 32 sein
875 294 211 41 Notizbuch):
1112 296 109 31 Heute

219 348 120 32 Abend
369 348 44 32 ist
440 348 322 40 Vorstandssitzung,
796 348 65 32 und
891 349 155 31 nächsten
1077 348 145 41 Sonntag

219 404 128 30 können
372 401 55 34 Sie
451 402 98 32 schon
574 412 119 22 unsern
717 402 266 40 Vereinsausflug
1007 402 46 32 als
1073 403 148 39 Mitglied

219 456 58 32 mit
300 456 93 32 Kind
418 456 65 32 und
507 456 108 40 Kegel
639 456 201 32 mitmachen.

154 510 111 32 Fritz
298 509 270 40 Grinsinger:
620 510 50 31 Zu
709 509 260 40 liebenswürdig.
1011 509 79 40 (Für
1128 507 93 43 sich.)

217 564 30 32 E
272 564 130 32 scheeni
424 564 211 39 Perspektiv!

151 617 130 32 Marie
313 615 115 43 (durch
460 617 51 32 die
544 617 183 32 Mitteltüre
757 617 121 40 herein,
911 617 110 40 bringt
1052 617 81 32 zwei
1157 617 64 32 De-

216 671 141 40 peschen
397 669 59 33 auf
498 671 101 31 einem
637 670 162 32 silbernen
833 668 166 44 Plateau):
1052 670 50 32 Do
1139 671 80 31 zwei

227 725 172 39 Depesche.

150 778 116 32 Fritz
302 777 253 41 Grinsinger
590 777 119 41 (bricht
744 778 71 32 eine
851 778 170 40 Depesche
1057 777 58 33 auf
1151 779 65 31 und

217 831 90 33 wirft
331 832 93 32 einen
447 832 97 32 Blick
568 832 119 32 hinein.
733 832 49 32 Er
812 833 111 31 wankt
954 832 64 32 und
1049 832 70 32 hält
1151 832 68 32 sich

216 895 41 23 an
289 886 88 32 einer
400 885 191 33 Stuhllehne
624 884 93 42 fest):
768 886 26 31 E
820 886 150 39 Depesch
1002 896 74 21 vum
1100 886 119 32 Baron

217 942 40 28 de
280 940 85 31 Rose
395 938 71 43 (mit
497 939 172 32 erstickter
693 939 132 33 Stimme
855 939 125 39 lesend)
1019 941 77 30 Vive
1121 939 100 33 Grin-

216 994 127 40 singer,
365 993 129 42 officier
512 993 224 32 d'académie!
764 994 76 30 Vive
857 996 30 29 le
897 994 146 39 patriote
1054 995 146 29 alsacien
1208 994 13 30 !

224 1048 77 31 Vive
324 1047 164 31 l’Alsace!
518 1046 49 41 (er
591 1048 106 30 steckt
726 1047 51 31 die
809 1047 170 40 Depesche
1011 1047 122 31 schnell
1166 1047 51 31 ein

217 1100 65 32 und
311 1100 107 32 bricht
450 1101 50 31 die
532 1101 114 31 zweite
670 1101 171 40 Depesche
873 1100 65 32 auf.
964 1099 100 42 (Laut
1096 1098 122 44 lesend)

216 1154 175 32 Herzliche
423 1153 263 33 Glückwünsche
721 1164 41 22 zu
791 1154 94 32 Ihrer
914 1154 201 40 Ernennung
1146 1164 72 21 zum

217 1207 164 40 königlich
405 1207 204 32 sächsischen
634 1206 272 34 Hoflieferanten!

150 1261 112 32 Hans
293 1260 272 42 Grinsinger:
602 1261 92 41 Was,
734 1260 217 34 Hoflieferant
985 1261 65 32 bist
1088 1261 38 32 de
1164 1270 53 31 ge-

215 1313 171 34 worden?!
432 1315 53 32 Da
524 1315 58 32 soll
622 1315 81 32 doch
741 1315 107 40 gleich
888 1324 77 23 eene
1005 1315 64 32 alte
1109 1315 106 32 Wand

215 1369 165 32 wackeln?
415 1368 69 32 Das
515 1372 125 28 müssen
670 1368 60 32 mir
759 1368 184 40 begiessen!
977 1367 148 41 (ergreift
1159 1369 56 30 das

216 1421 93 40 Glas)
326 1422 69 32 Der
409 1432 82 22 neue
503 1422 217 33 Hoflieferant
736 1422 59 33 soll
818 1422 111 31 läben!

151 1474 224 34 Gauthier:
408 1476 77 32 Und
516 1485 96 22 unser
642 1476 230 39 gemeinsames
896 1476 190 39 Vaterland,
1121 1485 94 22 unser

216 1528 101 32 liebes
361 1528 145 33 Sachsen
553 1529 155 32 danäben.
778 1529 110 32 Hoch!
940 1529 111 32 Hoch!
1102 1528 110 33 Hoch!

215 1581 92 42 (Man
342 1584 98 30 stösst
464 1585 71 29 an.
590 1583 92 31 Hans
720 1582 192 40 Grinsinger
951 1583 64 31 und
1057 1582 159 33 Gauthier

216 1636 107 31 leeren
350 1636 56 31 das
432 1636 80 33 Glas
536 1636 51 32 bis
611 1646 57 21 zur
692 1636 127 40 Neige.)

435 1714 80 42 (Der
537 1715 156 41 Vorhang
717 1714 73 33 fällt
812 1714 117 42 rasch.)
