1 1
432 315 31 47 I.
497 315 203 62 Aufzug.

135 405 58 27 Der
212 406 71 25 erste
296 404 112 34 Aufzug
426 404 83 34 spielt
520 405 28 26 in
568 405 86 27 einem
673 405 72 27 reich
765 407 157 27 möblierten
935 407 161 35 Empfangs-

29 449 107 27 zimmer
161 450 46 26 der
226 449 74 27 Villa
321 449 185 34 Grinsingers.
551 449 106 28 Hinten
682 450 27 27 in
738 452 45 25 der
809 451 85 27 Mitte
920 452 60 27 eine
1006 461 90 25 grosse

27 494 162 33 Doppeltür,
207 494 70 27 links
296 495 54 25 und
369 494 88 26 rechts
477 494 34 26 im
531 494 189 34 Hintergrund
735 495 99 34 Türen,
854 496 36 26 im
902 497 190 34 Vordergrund

28 539 88 26 rechts
142 539 43 27 ein
205 539 121 26 Fenster.
365 539 92 25 Wenn
483 539 46 25 der
554 539 131 34 Vorhang
711 540 27 26 in
764 540 43 26 die
833 540 81 27 Höhe
933 541 75 34 geht,
1032 542 65 26 sitzt

28 584 69 25 Lisa
113 582 173 35 Grinsinger,
307 582 44 27 ein
366 584 109 33 junges,
495 583 132 26 hübsches
639 584 136 27 Mädchen
795 585 49 26 auf
862 585 84 27 einem
961 584 82 28 Stuhl
1060 586 35 26 im

29 627 191 33 Vordergrund
248 629 45 25 des
317 627 139 32 Zimmers,
481 627 43 26 ihr
544 627 104 27 Bruder
667 629 123 34 Auguste
814 629 96 27 nimmt
934 630 50 26 mit
1010 630 86 27 einem

28 672 162 27 Bandmeter
210 672 271 33 anthropometrische
500 672 166 35 Messungen
685 673 71 27 ihres
775 674 106 33 Kopfes
900 683 55 18 vor.
975 675 122 34 Auguste

28 717 89 26 macht
142 716 78 27 einen
247 719 85 24 etwas
359 717 191 33 pedantischen
569 717 146 34 Eindruck,
742 726 29 18 er
789 719 37 27 ist
851 719 61 26 sehr
930 719 166 34 kurzsichtig

27 763 54 25 und
101 762 76 33 trägt
195 762 59 26 eine
274 762 93 26 Brille.
405 761 66 27 Sein
489 762 113 26 Dialekt
627 762 36 27 ist
681 763 76 26 stark
776 764 50 26 mit
844 764 147 27 deutschen
1011 765 85 26 Wen-

28 807 107 33 dungen
143 807 162 25 durchsetzt.
321 807 116 33 Georges
444 807 137 33 Ehrstein,
592 807 117 27 hübsche
718 809 173 32 jugendliche
899 809 196 34 Erscheinung,

26 851 102 26 notiert
147 851 42 26 die
202 851 110 34 Zahlen,
333 851 42 26 die
395 852 123 33 Auguste
536 851 54 26 ihm
603 852 103 33 angibt.
726 852 145 27 Jeannette
885 853 42 27 die
940 853 156 27 Schwester

28 896 82 26 Lisas
137 895 71 35 folgt
227 897 47 25 der
287 895 133 34 Messung
439 896 49 26 mit
501 895 137 28 Interesse
657 898 56 25 und
727 898 159 26 verwendet
905 898 98 26 keinen
1017 898 78 27 Blick

27 948 52 18 von
101 940 116 35 Georges
235 940 136 27 Ehrstein.
409 940 101 27 Hinter
536 942 58 25 dem
621 942 113 26 Rücken
760 942 83 27 Lisas
876 943 54 26 und
958 943 138 35 Augustes

27 985 104 26 werfen
149 985 38 26 sie
207 985 56 27 sich
282 986 32 26 ab
333 985 55 26 und
407 993 33 18 zu
459 985 172 27 verstohlene
651 985 212 29 Kusshändchen
884 995 41 19 zu.

28 1101 178 41 Auguste
217 1101 103 41 (misst
333 1103 64 31 und
407 1102 114 32 schaut
529 1103 83 32 nach
623 1103 71 31 dem
706 1102 205 42 Metermass)
922 1115 6 20 :
941 1103 153 41 Sagittal-

94 1155 141 40 umfang,
272 1155 278 41 fünfunddreissig
585 1155 205 34 Centimeter.
848 1157 128 33 Stimmt
1011 1168 82 30 ganz

93 1218 105 31 genau
221 1209 58 32 mit
303 1210 48 31 d’r
366 1209 246 42 Uffzeichnung,
638 1210 61 32 wie
724 1211 58 31 m’r
806 1211 26 32 ’s
849 1212 120 32 letscht
992 1212 101 32 schun

93 1263 148 39 gemacht
263 1263 74 31 han.

26 1324 201 33 Ehrstein
259 1324 210 43 (notierend):
501 1325 288 43 Sagittalumfang,
817 1327 276 41 fünfunddreissig

92 1377 207 34 Centimeter.

27 1440 191 41 Auguste
241 1440 119 43 (steckt
384 1443 57 31 das
465 1443 191 32 Metermass
681 1443 51 32 ein
756 1444 64 32 und
845 1444 86 32 zieht
955 1454 57 22 aus
1037 1445 56 31 der

92 1494 149 32 hinteren
256 1495 125 33 Tasche
405 1495 104 32 seines
527 1495 187 33 Gehrockes
739 1497 52 31 ein
807 1498 191 32 Metermass
1022 1498 70 31 her-

91 1557 67 30 vor,
183 1548 62 32 wie
262 1557 34 23 es
313 1558 62 23 von
400 1549 62 31 den
478 1548 269 34 Schuhmachern
762 1550 84 32 beim
864 1551 228 31 Massnehmen

93 1601 57 32 der
173 1600 129 33 Schuhe
324 1601 135 33 benützt
483 1602 110 41 wird):
618 1603 94 32 Jetzt
727 1603 94 33 welle
838 1605 58 31 m’r
913 1605 81 31 doch
1009 1605 81 31 noch

93 1655 81 32 emol
202 1655 142 32 d’Breite
368 1655 195 41 nochmesse,
595 1658 59 30 m’r
676 1658 88 30 kann
787 1657 48 32 nit
859 1658 99 31 exakt
987 1667 104 30 genue

92 1707 58 41 sin,
175 1708 85 40 wäje
286 1709 37 31 de
347 1709 243 41 Berechnunge.
616 1708 116 43 (misst)

26 1769 189 41 Auguste
239 1772 118 39 (genau
390 1772 57 32 das
469 1772 91 32 Mass
585 1771 180 44 ablesend):
790 1773 121 41 Breite,
937 1774 153 32 vierzehn

92 1824 138 32 Komma
253 1823 120 33 sieben.

25 1884 201 34 Ehrstein
248 1885 209 44 (notierend):
483 1888 122 41 Breite,
630 1889 152 32 vierzehn
804 1889 141 33 Komma
967 1888 120 34 sieben.
