1 1
575 68 130 28 — 98
752 84 41 3 —

151 165 203 33 Gendarm:
395 163 68 32 Der
502 162 163 33 Gendarm
701 163 57 31 hat
793 164 68 31 sich
896 164 91 31 nicht
1022 165 109 31 darum
1170 176 39 21 zu

216 220 174 37 kümmern,
423 216 39 33 ob
490 216 130 40 jemand
652 216 51 32 ein
734 218 94 39 guter
859 216 280 33 Christenmensch
1167 219 43 31 ist

217 272 77 32 oder
321 270 99 32 nicht.
468 270 68 32 Der
560 269 163 33 Gendarm
748 272 100 30 kennt
870 280 61 22 nur
954 270 88 32 seine
1066 272 144 31 Instruk-

217 326 82 31 tion!
348 323 55 33 Sie
427 324 71 31 sind
523 324 92 32 somit
638 322 179 33 verhaftet!

150 390 106 32 Hans
289 386 245 40 Grinsinger:
569 386 131 31 Awwer
730 386 99 31 hören
858 385 55 33 Sie
941 387 72 39 mal,
1038 387 53 32 ich
1113 387 56 32 bin
1193 398 16 21 e

216 440 211 42 gemütlicher
457 439 121 33 Sachse
609 440 64 31 und
708 441 87 30 kann
830 439 63 32 viel
926 441 180 39 vertragen,
1143 450 66 23 was

217 495 76 32 aber
317 504 40 21 zu
380 494 65 31 viel
469 493 51 40 ist,
547 493 42 31 ist
617 503 40 22 zu
681 493 81 31 viel!
810 491 173 43 (Gauthier
1015 494 56 31 eilt
1100 494 110 32 herbei

214 549 65 32 und
304 547 194 33 überschaut
523 547 49 31 die
597 545 185 41 Situation).

149 611 204 34 Gendarm:
391 609 130 41 Spielen
553 609 54 33 Sie
638 609 89 32 nicht
758 610 62 31 den
849 609 119 32 wilden
998 611 109 31 Mann.
1155 610 54 33 Sie

214 666 72 31 sind
310 674 34 22 so
368 664 107 39 wenig
506 662 120 33 Sachse
658 663 61 32 wie
750 663 52 32 ich
832 663 179 32 Franzose!
1060 663 55 33 Sie
1138 665 71 31 sind

214 719 51 32 ein
295 718 150 40 Mitglied
471 718 56 30 der
557 718 151 40 Fanfare
761 714 192 45 (Lebhafter
978 717 231 41 Widerspruch

211 773 52 32 bei
289 773 54 30 der
368 768 173 42 Fanfare).

145 834 195 34 Gauthier
379 833 82 40 (sich
501 833 61 32 den
602 832 206 33 Gendarmen
846 831 226 42 vorstellend):
1122 834 86 31 Mein

208 888 102 33 Name
345 888 43 31 ist
424 886 169 40 Gauthier,
630 886 174 32 Präsident
839 887 55 31 des
927 885 280 34 Sachsenbundes.

210 942 67 32 Der
301 942 87 31 Herr
411 941 43 31 ist
477 940 85 32 mein
587 939 107 34 Onkel
720 940 64 31 und
808 940 194 32 tatsächlich
1026 940 130 33 Sachse.

142 996 153 32 Rièmer
324 994 53 40 (zu
402 995 161 31 Madame
596 991 233 43 Grinsinger):
861 994 82 31 Was
979 994 110 32 mache
1125 994 84 32 denn

211 1050 51 31 die
293 1048 168 33 Schwowe
491 1047 62 33 do?
600 1046 178 40 (Madame
809 1047 205 41 Grinsinger
1037 1049 172 31 antwortet

209 1102 113 41 nicht).

144 1156 203 33 Gendarm:
386 1156 71 32 Aus
490 1156 55 31 der
570 1155 196 33 Geschichte
790 1155 109 31 werde
923 1155 52 31 ich
999 1155 90 31 nicht
1112 1155 93 39 klug!

142 1211 109 31 Fritz
277 1209 233 40 Grinsinger
545 1207 66 41 (für
647 1207 98 41 sich):
788 1207 29 35 O
846 1208 88 32 weh!
976 1209 93 31 Jetzt
1106 1209 102 39 platzt

211 1264 52 32 die
287 1264 127 31 Bumm!

144 1317 204 33 Gauthier:
386 1317 67 31 Der
489 1315 232 33 Sachsenbund
753 1315 58 32 hat
841 1315 138 32 nämlich
1011 1315 69 31 sein
1105 1315 101 32 liebes

208 1371 150 39 Mitglied
390 1369 191 40 Grinsinger
615 1378 113 30 wegen
763 1369 105 32 seiner
903 1369 200 39 Ernennung
1134 1378 73 21 zum

211 1423 383 41 königlich-sächsischen
618 1421 255 33 Hoflieferanten
905 1422 68 31 hier
1004 1421 59 32 auf
1090 1421 117 32 seinem

212 1478 154 39 Landgut
389 1477 199 39 überrascht,
614 1486 51 21 um
690 1476 64 31 ihm
779 1486 40 21 zu
842 1476 204 39 gratulieren.

145 1531 153 32 Rièmer
321 1530 247 42 (verwundert):
605 1530 81 31 Was
712 1528 96 33 faselt
832 1530 56 30 der
913 1529 38 31 do
976 1538 73 22 vum
1075 1527 132 33 Sachse-

211 1583 112 33 bund?
371 1582 53 42 (zu
454 1584 90 31 Fritz
579 1580 220 43 Grinsinger)
829 1582 109 32 Wenn
968 1582 51 32 ich
1049 1582 39 31 do
1116 1581 92 32 recht

212 1638 173 31 verstande
420 1636 73 39 hab,
530 1646 36 22 ze
600 1636 125 31 wärsch
761 1636 43 31 dü
839 1636 66 31 also
944 1635 150 39 Mitglied
1132 1644 74 22 vum

214 1689 234 34 Sachsebund
430 1685 22 50 ?

145 1744 111 32 Fritz
281 1744 234 39 Grinsinger
543 1742 66 40 (für
633 1741 97 41 sich):
766 1742 58 32 Ich
854 1742 56 32 bin
934 1751 17 23 e
975 1742 152 39 Krüppel
1157 1750 49 22 am

213 1796 97 40 Wäj
296 1791 18 50 !

145 1851 167 31 Rièmer:
351 1852 46 30 Ze
429 1850 78 32 redd
539 1850 97 32 doch!
685 1850 81 31 Was
797 1849 59 32 soll
881 1849 64 31 diss
970 1848 161 32 Kumedie
1154 1847 52 32 be-

214 1903 126 42 dytte?
329 1899 13 51 !
