1 1
472 51 218 29 — 87 —

43 144 106 32 Hans
175 143 245 42 Grinsinger:
453 144 75 33 Und
560 155 65 22 nun
658 144 216 34 Stillentzium
906 146 52 33 für
981 148 126 32 meinen

110 198 191 39 Kousäng!!
329 195 46 42 (er
389 198 116 39 drängt
520 198 90 32 Fritz
628 198 190 41 Grinsinger
834 210 71 22 zum
917 200 189 42 Sprechen.)

43 251 109 31 Fritz
177 251 234 40 Grinsinger
445 249 67 44 (für
546 249 95 43 sich):
680 251 29 34 O
738 252 143 42 jemmer,
914 264 16 23 o
957 255 147 39 jemmer!

108 304 59 32 Ich
198 304 55 32 fall
285 305 68 31 um!
390 305 58 31 Ich
479 305 132 32 versink
641 305 32 32 in
705 306 39 32 de
772 306 331 41 Erdsgrundsbodde!

42 368 106 31 Hans
173 366 245 41 Grinsinger:
456 366 245 33 Stillentzium!!
735 367 53 41 (zu
814 369 55 32 der
893 370 128 41 Menge,
1054 371 52 33 die

108 420 142 41 unruhig
272 420 55 39 ist)
369 421 54 31 Nu
457 421 69 31 sein
562 431 34 22 se
632 421 76 32 aber
744 422 127 32 endlich
896 425 80 30 emal
1000 424 103 32 stille!

109 474 59 39 (Es
192 474 82 32 wird
298 474 250 32 mäuschenstill.
595 475 375 42 Verlegenheitspause.)

41 527 107 33 Fritz
173 526 245 41 Grinsinger:
444 528 103 41 Enfin
571 551 6 8 .
603 552 6 6 .
636 553 6 7 .
667 528 57 32 Ihr
747 529 144 32 Herren!
917 530 143 40 (Pause.)

41 581 107 32 Hans
174 580 232 41 Grinsinger
441 579 71 44 (der
543 581 89 33 dicht
662 582 102 32 neben
793 582 64 32 ihm
887 582 116 42 steht):
1028 585 76 32 Und

107 635 140 31 Damen!

40 689 108 31 Fritz
174 687 244 41 Grinsinger:
444 689 77 32 Und
545 689 139 31 Damen!

39 742 75 32 Ein
136 742 202 40 Mitglied:
362 742 122 33 Bravo!
511 741 169 42 (Lachen.)

40 795 106 32 Fritz
172 795 248 40 Grinsinger:
445 796 64 32 Die
526 790 252 47 Überraschung
803 822 6 6 .
836 823 7 6 .
869 822 6 7 .
902 796 100 43 (ringt
1020 800 82 31 nach

105 847 152 43 Worten)
289 848 55 34 Sie
368 849 106 33 haben
497 850 84 32 mich
604 850 75 32 sehr
702 850 189 33 überrascht
914 852 58 32 mit
994 853 108 32 Ihrem

105 903 164 31 Besuche!
295 901 147 43 (Bravo.)

38 966 106 31 Hans
163 964 232 42 Grinsinger
412 964 248 44 (einflüsternd):
686 967 86 41 Und,
787 978 85 22 wees
885 969 215 40 Kneppchen,

105 1019 52 32 ich
182 1020 106 31 danke
312 1020 112 31 Ihnen.

39 1081 107 32 Fritz
183 1081 237 41 Grinsinger
456 1081 137 41 (spricht
626 1083 204 33 mechanisch
864 1083 110 43 nach):
1014 1086 85 40 Und,

104 1145 87 22 wees
215 1135 215 41 Kneppchen,
456 1136 52 32 ich
533 1137 104 31 danke
660 1137 113 32 Ihnen.
806 1135 142 44 (Bravo.)
985 1139 117 32 Danke

104 1189 104 32 Ihnen
238 1189 83 33 noch
351 1189 215 33 einmal...
604 1191 104 31 danke
738 1191 104 32 Ihnen
873 1192 128 32 vielmal
1027 1217 6 7 .
1060 1218 6 6 .
1094 1218 6 7 .

106 1242 136 40 (Bravo!
268 1243 66 32 und
357 1242 146 42 Beifall.)

37 1296 106 31 Hans
169 1295 246 41 Grinsinger:
443 1296 81 33 Gott
548 1296 199 42 Strambach,
773 1299 65 31 und
863 1299 52 31 ich
938 1298 161 34 hoffe...

37 1349 108 32 Fritz
171 1348 247 42 Grinsinger:
445 1349 82 34 Gott
550 1350 200 42 Strambach,
776 1353 64 30 und
864 1353 53 31 ich
940 1352 134 33 hoffe...

105 1402 150 42 (Bravo!)

37 1456 107 32 Hans
169 1455 248 42 Grinsinger:
454 1458 109 33 Meine
587 1459 116 32 liewen
727 1459 198 33 Landsleute
948 1460 82 32 noch
1054 1459 49 34 oft

103 1509 53 33 bei
180 1510 60 32 mir
263 1510 178 41 begrüssen
465 1522 39 22 zu
528 1513 128 32 können
674 1537 84 8 ....

37 1563 108 32 Fritz
170 1563 252 41 Grinsinger:
449 1590 57 7 ...
533 1566 109 31 Meine
665 1566 116 32 liewen
797 1566 199 33 Landsleute
1020 1567 82 32 noch

106 1616 47 34 oft
176 1617 53 32 bei
251 1618 61 31 mir
334 1618 178 40 begrüssen
536 1629 40 22 zu
600 1621 136 31 können.
769 1618 189 43 (kolossaler
981 1620 119 32 Beifall

104 1671 65 31 und
192 1671 248 41 Zustimmung.)

37 1724 105 32 Hans
168 1723 244 42 Grinsinger:
438 1726 76 33 Und
537 1726 34 32 in
595 1726 118 33 diesem
738 1726 111 33 Sinne:
876 1727 57 32 der
945 1726 155 34 Sachsen-

104 1777 88 33 bund
215 1778 71 32 lebe
310 1779 189 33 Hoch!...

38 1831 107 32 Fritz
171 1831 244 41 Grinsinger:
441 1834 75 33 Und
541 1834 33 31 in
598 1834 119 31 diesem
734 1833 112 34 Sinne:
873 1835 57 31 der
944 1833 155 34 Sachsen-

104 1883 88 33 bund
216 1885 108 33 Hoch!
349 1887 109 32 Hoch!
483 1888 110 31 Hoch!
633 1886 130 43 (Tusch.
797 1888 92 31 Alles
906 1888 119 32 stimmt
1042 1888 57 31 mit
