1 1
588 41 219 28 — 86 —

226 135 87 32 tizen
337 145 40 22 zu
400 135 144 32 machen.
590 135 109 32 Wenn
716 135 51 32 die
785 134 111 33 Musik
920 145 40 22 zu
975 135 94 32 Ende
1085 135 139 40 gespielt

226 189 66 40 hat,
318 189 71 32 tritt
414 188 161 33 Gauthier
597 197 59 24 vor
679 189 66 31 und
769 188 126 32 flüstert
914 189 92 31 Hans
1031 187 193 42 Grinsinger

227 244 101 30 etwas
351 242 50 31 in’s
427 239 94 43 Ohr.)

160 314 106 33 Hans
292 313 244 39 Grinsinger:
575 312 234 33 Stillentzium!
846 313 69 32 Der
943 313 87 32 Herr
1053 312 172 33 Präsident

227 367 68 32 will
317 368 115 31 reden!
470 366 233 33 Stillentzium!
737 365 84 43 (man
852 365 75 33 hilft
950 366 65 32 ihm
1039 366 94 33 Ruhe
1157 376 68 22 ver-

227 420 151 40 schaffen,
405 420 51 32 die
472 420 129 33 Kinder
623 420 132 32 werden
772 420 297 39 zurechtgewiesen
1087 418 138 43 u.s.w.)

162 492 194 33 Gauthier
395 489 227 45 (vortretend):
663 492 160 32 Verehrte
861 491 223 33 Anwesende!
1124 491 102 33 Liebe

227 546 188 40 Mitglieder
440 546 55 31 des
520 545 282 33 Sachsenbundes!
827 545 58 31 Ich
908 545 83 32 bitte
1015 554 53 22 um
1092 545 52 32 die
1167 545 60 31 Er-

227 599 136 40 laubnis,
389 600 33 31 in
439 600 93 31 Ihrer
554 599 78 32 aller
648 599 124 32 Namen
797 599 69 31 dem
887 599 155 40 jüngsten
1058 598 169 40 Mitgliede

228 663 132 23 unseres
389 653 159 32 Vereines
578 653 143 32 herzlich
749 662 41 22 zu
817 651 205 41 gratulieren.
1082 650 143 42 (Beifall.

228 707 100 32 Rufe:
365 707 57 32 Ja!
448 706 121 32 Prosit!
596 707 47 31 Er
666 705 72 33 lebe
762 706 96 32 hoch!
884 704 142 40 u.s.w.)
1072 705 76 32 Wie
1172 703 54 34 Sie

229 761 63 32 alle
326 760 127 40 wissen,
491 760 56 31 hat
582 770 97 21 unser
714 759 269 41 allergnädigster
1015 759 113 39 König
1162 759 65 31 und

229 815 87 31 Herr
341 815 51 31 die
415 823 111 30 grosse
544 812 115 34 Gnade
682 813 132 40 gehabt,
839 822 97 22 unser
959 812 101 32 liebes
1076 812 151 40 Mitglied

231 868 193 39 Grinsinger
448 877 40 22 zu
513 867 75 32 dero
612 867 220 40 Königlichen
861 865 158 41 Majestät
1043 866 185 32 allerunter-

230 921 165 40 tänigsten
410 920 258 33 Hoflieferanten
693 930 40 22 zu
750 930 171 22 ernennen.
947 919 193 41 (Lebhafter
1156 919 73 32 Bei-

232 974 81 41 fall.)
361 974 101 32 Liebe
493 974 198 40 Mitglieder,
723 974 61 32 wir
818 975 127 31 können
976 982 60 23 uns
1066 972 164 40 glücklich

230 1029 139 40 preisen,
400 1028 93 32 einen
523 1027 229 41 vielgeliebten
782 1027 113 40 König
930 1027 47 32 als
1006 1026 224 32 Landesvater

232 1092 40 22 zu
288 1082 115 39 haben,
423 1082 55 31 der
496 1082 56 31 das
569 1081 100 32 Wohl
686 1081 64 32 und
768 1081 57 32 das
842 1080 86 33 Weh
948 1079 94 40 jedes
1064 1080 166 31 einzelnen

231 1136 204 32 Untertanen
445 1135 215 39 jederzeit im
675 1135 97 39 Auge
789 1135 65 31 hat.
881 1132 192 42 (Lebhafter
1085 1131 144 41 Beifall.)

165 1199 109 32 Fritz
300 1198 233 39 Grinsinger
557 1195 67 44 (für
647 1195 98 44 sich):
770 1197 42 31 Ei
838 1197 42 31 dü
903 1196 111 32 liewer
1029 1194 156 33 Alledaa!

167 1262 43 31 de
233 1262 114 31 Rose:
371 1261 42 32 Je
435 1272 40 20 ne
499 1262 199 38 comprends
716 1270 68 30 pas
806 1270 46 20 un
876 1262 77 28 mot.

167 1323 205 33 Gauthier:
409 1323 77 33 Und
516 1323 34 31 in
581 1323 119 31 diesem
725 1321 99 33 Sinne
855 1320 128 33 fordere
1012 1320 52 33 ich
1088 1319 54 34 Sie
1167 1318 64 41 auf,

233 1377 57 31 mit
313 1377 59 31 mir
396 1375 210 33 auszurufen:
644 1375 95 33 Seine
763 1374 167 40 Majestät,
955 1383 97 22 unser
1075 1374 156 39 allergnä-

235 1431 122 39 digster
379 1429 122 40 König,
534 1439 34 22 er
591 1429 72 32 lebe
692 1429 98 32 hoch!
828 1428 95 33 hoch!
973 1426 106 41 (Alles
1114 1426 119 32 stimmt

233 1483 127 32 lebhaft
389 1483 58 32 mit
471 1483 60 32 ein.
559 1482 143 41 (Tusch.)
726 1482 90 32 Fritz
841 1480 192 41 Grinsinger
1061 1480 88 32 steht
1170 1479 62 32 wie

233 1537 181 32 vernichtet
432 1537 49 31 da.
529 1536 93 32 Alles
639 1536 171 40 gratuliert
834 1535 71 31 dem
921 1534 130 32 Redner
1067 1533 65 32 und
1146 1533 87 31 dann

235 1592 70 31 dem
331 1588 214 42 Gefeierten.)

169 1654 107 32 Fritz
306 1652 233 40 Grinsinger
574 1649 65 44 (für
673 1651 95 39 sich):
806 1651 30 31 E
872 1650 161 32 Gewitter
1067 1648 33 32 in
1134 1657 17 23 e
1179 1639 75 40 bal

235 1702 148 49 masqué.

169 1770 107 32 Hans
302 1768 232 40 Grinsinger
557 1768 54 39 (zu
635 1764 190 43 Gauthier):
852 1765 68 33 Mei
945 1763 230 35 Gombliment!

171 1832 43 31 de
237 1832 100 31 Rose
354 1828 161 43 (abseits):
540 1831 41 30 Je
594 1841 41 20 ne
650 1831 198 38 comprends
863 1828 150 40 toujours
1028 1828 83 35 rien,
1130 1826 103 39 quelle

236 1886 124 39 langue
383 1885 269 30 extraordinaire
675 1893 60 29 que
758 1885 45 28 cet
826 1881 168 32 alsacien!
1021 1897 40 4 —
