1 1
557 41 240 28 — 102 —

146 135 204 33 Gauthier:
397 135 88 31 Herr
516 134 192 40 Grinsinger
736 134 44 32 ist
808 144 39 22 zu
870 134 142 40 gleicher
1036 135 74 32 Zeit
1132 135 75 32 Mit-

210 189 87 39 glied
336 188 118 31 zweier
487 188 227 40 patriotischer
752 188 139 31 Vereine
926 198 158 30 gewesen,
1121 189 86 31 eines

211 242 185 39 deutschen,
415 242 56 31 des
488 240 268 33 Sachsenbundes
773 241 65 31 und
855 241 87 32 eines
960 240 246 42 französischen,

213 296 56 31 der
293 296 173 40 Fanfare!
490 295 82 32 Was
596 304 98 30 sagen
719 293 55 34 Sie
800 293 104 33 dazu?

142 358 167 32 Rièmer:
336 358 82 31 Was
442 357 88 32 halte
555 356 53 33 Sie
634 358 38 31 do
697 355 139 34 d’rvun?

142 421 170 32 Durand:
339 421 81 31 Was
445 420 51 32 ich
521 420 114 32 d'rvun
660 419 91 33 halt?

142 484 72 32 Die
238 483 227 41 Mitglieder
490 483 64 31 der
577 482 138 33 beiden
739 483 184 32 Vereine:
948 482 83 34 Ja?!

142 546 170 32 Durand:
339 547 51 31 Eh
414 547 81 36 bien,
520 545 52 32 ich
596 546 67 30 halt
688 546 123 39 d’rvun,
838 546 73 31 dass
929 546 65 31 diss
1010 555 82 30 ganz
1112 545 33 32 in
1163 545 47 32 d'r

210 599 158 40 Ordnung
391 600 78 32 isch.
496 597 174 42 (lebhafter
691 599 132 31 Protest
845 598 52 32 bei
923 599 61 31 den
1000 597 210 42 Beteiligten)

209 653 63 32 Die
303 653 148 40 Haltung
480 662 65 22 vun
575 653 74 30 mim
679 653 109 32 Unkel
817 652 79 40 isch,
927 662 95 22 wenn
1057 654 57 30 m’r
1149 653 61 31 sini

210 707 160 32 Ansichte
393 708 110 36 kennt,
530 716 82 30 ganz
629 706 131 40 logisch,
785 715 82 31 ganz
885 705 323 33 selbsverständlich
1193 701 18 50 !

214 759 162 43 (erneuter
398 759 143 41 Protest)

144 823 165 33 Rièmer:
337 822 86 34 Oho!
455 822 172 32 Comment
651 823 95 30 cela?
767 840 42 3 —

147 886 204 33 Gauthier:
377 885 112 32 Nanu!
518 885 73 32 Wie
617 883 58 34 so?
700 903 42 3 —

145 940 159 32 Durand
329 937 154 44 (schlau):
508 939 48 31 Es
579 939 69 31 isch
672 938 133 32 manche
829 948 62 22 von
908 937 80 33 Ihne
1004 938 138 32 verlicht
1164 938 49 32 nit

213 993 196 39 unbekannt,
447 993 73 31 dass
551 993 51 31 ich
634 991 153 33 Sekretär
817 1002 65 21 vun
915 993 48 31 d'r
992 991 221 41 Friedensliga

213 1057 43 21 un
279 1056 66 22 vun
362 1047 48 31 d'r
427 1047 91 39 ligue
533 1046 337 39 franco-allemande
886 1045 63 32 bin.
976 1045 107 41 (Alles
1099 1045 114 32 schaut

214 1101 67 31 sich
307 1099 135 41 fragend
467 1098 54 42 an)
545 1101 69 30 Zue
638 1099 119 32 minere
780 1108 110 30 grosse
914 1099 98 32 Fraid
1036 1098 68 33 isch
1128 1098 85 31 mir’s

214 1154 139 40 gelunge
377 1153 240 33 mine-n-Unkel
634 1152 50 33 for
708 1153 76 31 mini
801 1153 77 31 Idee
903 1162 36 22 ze
955 1152 157 40 gewinne.
1137 1152 76 33 Unn

215 1213 37 27 üs
284 1209 69 31 dem
386 1207 114 33 Grund
530 1208 100 31 hett’r
660 1207 319 32 selbstverständlich
1014 1206 135 40 gsuecht
1181 1206 34 31 in

216 1263 40 30 de
281 1261 255 41 entgejegsetzte
559 1260 130 33 Laauer
711 1261 172 39 Füehlung
908 1270 35 22 ze
967 1260 157 40 gewinne.

150 1326 106 31 Hans
282 1324 251 39 Grinsinger:
559 1324 123 32 Bravo!
709 1324 124 32 Bravo!
860 1322 42 33 So
918 1323 70 31 ist's
1012 1323 100 39 recht,
1137 1321 78 32 Alle

217 1378 177 32 Menschen
417 1377 71 31 sind
509 1377 38 39 ja
571 1378 141 30 Brüder!

151 1441 108 32 Fritz
285 1440 235 40 Grinsinger
550 1438 80 42 (sich
654 1440 82 31 stolz
760 1438 232 39 aufrichtend):
1040 1438 53 39 Ja,
1125 1436 90 33 wie's

218 1495 84 30 denn
337 1494 81 32 doch
442 1493 224 40 hüsse-n-isch,
688 1493 45 40 ja,
770 1493 57 31 Ihr
861 1493 116 38 Herre,
1014 1492 101 31 miner
1150 1490 64 32 lieb

217 1558 100 21 neveu
341 1547 95 40 (fasst
462 1547 56 32 ihn
547 1546 53 32 bei
629 1548 56 30 der
711 1545 110 40 Hand)
857 1546 70 31 hett
954 1545 83 32 mich
1065 1554 59 22 zue
1148 1544 68 32 sine

218 1599 446 34 menschefrindliche-n-Idee
677 1599 147 32 bekehrt.
846 1598 82 32 Mini
941 1598 104 40 einzig
1057 1597 160 32 ambition

219 1654 79 39 isch,
324 1663 17 22 e
365 1663 34 22 so
424 1653 132 32 e-n-Art
578 1652 304 40 Friddesaposchtel
906 1661 36 22 ze
966 1651 101 32 wäre!

156 1717 205 33 Gauthier:
411 1715 113 40 Gegen
560 1715 88 32 diese
682 1715 100 32 Ideen
817 1724 85 22 muss
937 1714 53 31 ich
1031 1713 46 32 als
1109 1712 109 33 echter

223 1770 170 32 deutscher
415 1769 128 32 Patriot
566 1769 60 32 mit
647 1769 79 31 aller
748 1768 142 40 Energie
913 1767 227 40 protestieren!

156 1832 167 32 Rièmer:
349 1832 77 32 Unn
439 1832 51 31 ich
504 1832 46 31 als
566 1831 151 32 Elsässer
739 1841 74 21 vum
831 1831 63 31 alte
911 1829 116 33 Schrot
1043 1829 64 31 und
1123 1828 95 32 Korn

222 1885 172 41 protestier
417 1885 204 40 également!
