1 1
592 67 40 18 —
672 61 44 26 42
764 72 47 13 —

162 158 169 32 Madame
357 156 231 41 Grinsinger
611 155 76 42 (von
712 155 187 42 draussen):
924 158 53 39 Ja,
1003 158 116 31 Mann!

162 220 121 32 Marie
318 218 114 43 (durch
468 219 51 32 die
543 219 96 32 Mitte
674 219 110 32 herein
808 230 40 21 zu
882 219 90 32 Fritz
1004 218 220 43 Grinsinger):

227 273 63 32 Die
314 274 105 31 Herre
444 272 115 41 fröüje,
585 273 39 32 ob
650 272 54 34 Sie
721 273 46 32 sie
785 272 169 41 empfange
970 273 129 32 könne?
1125 273 103 41 (über-

228 327 104 32 reicht
356 327 81 32 zwei
460 326 272 39 Visitenkarten).

161 381 108 32 Fritz
295 380 248 40 Grinsinger:
569 380 55 33 Sie
648 380 198 33 solle-n-erin
870 381 136 31 kumme.

162 434 147 32 Marie:
335 435 53 39 Ja,
413 434 96 32 Herr.
536 432 78 43 (ab).

162 488 107 32 Fritz
295 487 246 40 Grinsinger:
578 488 75 31 Isch
684 488 66 31 diss
781 486 59 33 m’r
864 497 17 22 e
911 487 78 32 lätzi
1013 487 103 33 Visit!
1153 488 74 32 Isch

230 542 65 31 diss
318 543 59 30 m'r
400 551 18 22 e
441 542 78 31 lätzi
543 542 102 31 Visit!
679 540 117 42 (Marie
819 540 99 33 öffnet
943 541 50 31 die
1018 541 75 32 Tür.
1134 542 93 31 Hans

229 593 193 41 Grinsinger
445 595 65 31 und
536 594 160 33 Gauthier
717 595 105 31 treten
840 594 60 32 ein.
926 594 92 32 Hans
1036 593 191 41 Grinsinger

229 649 88 39 trägt
340 648 287 39 Touristenanzug.
651 648 48 32 Er
721 648 43 32 ist
788 647 74 33 sehr
884 647 134 33 lebhaft.
1052 647 174 33 Gauthier:

229 701 248 40 Beamtenfigur,
529 701 223 32 militärisches
802 701 188 40 Auftreten,
1037 701 190 40 schwarzes,

229 756 134 31 krauses
394 755 100 31 Haar.
535 753 159 33 Gauthier
730 755 90 32 stellt
854 755 69 31 sich
958 753 136 41 anfangs
1128 756 99 30 etwas

229 808 130 40 abseits,
384 818 51 22 um
453 808 50 32 die
520 808 254 32 Familienszene
791 808 88 32 nicht
897 818 39 22 zu
960 810 118 30 stören.
1103 808 48 32 Er
1174 808 52 32 be-

229 862 90 31 müht
358 861 78 40 sich,
468 862 134 32 korrekt
638 862 133 32 deutsch
800 871 40 22 zu
870 861 165 40 sprechen,
1072 861 56 32 hat
1152 861 76 32 aber

230 915 205 32 sächsischen
459 913 152 42 Accent.)

163 979 106 32 Hans
300 978 232 40 Grinsinger
568 977 140 41 (freudig
732 978 58 33 auf
811 978 90 32 Fritz
928 978 205 40 Grinsinger
1156 975 69 45 zu):

232 1031 82 33 Gott
341 1030 200 42 Strambach,
571 1032 42 31 ist
645 1033 57 31 das
730 1041 39 22 ne
799 1030 134 42 freid’ge
972 1030 252 41 Iberraschung!

229 1086 127 39 Vetter,
381 1085 62 32 mei
459 1085 102 32 lieber
576 1086 133 31 Vetter!
729 1084 149 43 (ergreift
900 1084 94 34 beide
1007 1085 117 32 Hände
1137 1084 90 32 Fritz

232 1138 246 41 Grinsingers.)
506 1138 59 33 Ich
581 1138 171 33 bummelte
775 1149 17 21 e
808 1138 133 33 bischen
965 1138 33 32 in
1016 1138 49 32 d’r
1081 1137 146 34 Schweiz

232 1193 87 38 ’rum,
345 1191 75 33 aber
436 1192 62 32 wie
520 1192 51 32 ’ch
589 1193 39 31 de
644 1192 179 33 Nachricht
840 1192 156 40 kriechte,
1022 1192 39 32 da
1084 1191 79 40 gabs
1187 1193 40 30 ke

230 1245 139 32 Haltens
403 1246 98 31 mehr.
528 1245 163 41 Schwupp
721 1246 73 32 dich
838 1264 22 5 —
890 1255 58 22 ene
979 1245 181 40 Depesche,
1187 1261 39 5 —

230 1289 48 32 uff
307 1290 38 31 de
374 1290 207 32 Eisenbahne
612 1291 64 31 und
702 1291 41 32 da
765 1290 56 33 bin
846 1291 63 32 ’ch!
940 1291 65 32 For
1028 1290 39 31 de
1090 1289 136 40 Familje

230 1344 27 31 is
281 1344 58 31 m’r
363 1344 106 31 nischt
492 1353 37 22 ze
553 1344 133 32 schade!

163 1396 108 33 Fritz
297 1396 247 41 Grinsinger:
568 1398 54 39 Ja,
647 1398 133 40 gewiss!

163 1450 107 32 Hans
301 1449 234 42 Grinsinger
569 1450 82 41 (sich
683 1461 40 22 zu
748 1450 160 34 Gauthier
937 1450 186 38 wendend):
1159 1450 67 32 Das

230 1503 108 32 habt'r
362 1503 100 33 famos
491 1504 167 40 gefingert,
683 1504 50 32 ihr
766 1504 123 33 beeden
914 1503 234 41 Sapermenter,
1181 1504 46 31 d’r

230 1555 170 34 Professor
442 1567 42 21 un
526 1558 56 31 du!
626 1557 62 40 (Zu
734 1558 89 32 Fritz
869 1557 213 41 Grinsinger,
1121 1557 104 31 indem

232 1620 34 22 er
290 1609 160 33 Gauthier
468 1609 171 42 vorstellt.)
663 1612 87 31 Herr
767 1610 167 41 Gauthier,
961 1612 57 30 der
1035 1610 190 41 Pflägesohn

230 1673 63 23 von
317 1663 119 32 meiner
460 1664 122 40 säligen
608 1663 192 34 Schwester.
824 1663 246 43 (Gegenseitige
1082 1663 143 33 Verbeu-

232 1735 86 31 gung
342 1727 64 30 und
430 1726 246 42 Händedruck).

165 1788 109 32 Fritz
300 1788 271 41 Grinsinger:
596 1790 101 31 Freut
715 1790 93 32 mich.
827 1807 40 4 —
885 1790 130 32 Wollen
1032 1789 50 31 die
1099 1789 125 31 Herren

232 1841 89 32 nicht
336 1841 93 32 Platz
446 1836 164 52 nehmen?
621 1841 64 43 (Zu
697 1843 93 31 Hans
805 1840 203 43 Grinsinger)
1025 1841 54 33 Sie
1095 1841 129 33 werden

233 1895 81 32 doch
338 1895 92 32 müde
454 1895 70 33 sein
545 1905 63 23 von
633 1896 56 32 der
712 1890 125 51 Reise?
