1 1
455 74 46 18 —
540 64 50 39 31
630 78 53 13 —

26 162 118 33 Fritz
159 161 253 42 Grinsinger
425 159 71 44 (mit
508 161 230 42 geheuchelter
750 160 158 43 Freude):
924 162 174 41 Wirklich,

96 217 57 32 das
176 216 44 32 ist
244 215 77 33 aber
345 216 114 32 schön!
486 214 67 43 (für
576 215 83 40 sich)
682 216 48 32 Es
754 216 109 40 grüsst
886 216 67 40 m'r,
978 226 96 23 wenn
1090 217 11 31 i

95 271 80 31 dran
199 270 97 32 denk.

27 333 64 32 Dr.
116 333 279 40 Kneppchen:
433 331 55 34 Sie
524 332 99 33 sehen
659 333 76 39 also,
773 333 75 32 dass
873 342 33 23 es
939 333 105 32 Ihnen
1067 333 34 32 in

95 387 152 32 nächster
283 387 76 31 Zeit
393 386 91 32 nicht
518 396 41 23 an
598 385 171 41 freudigen
804 380 297 47 Überraschungen

95 440 109 33 fehlen
227 440 92 32 wird.

26 504 118 32 Fritz
169 503 273 40 Grinsinger:
474 503 146 33 Gewiss!
659 502 144 34 Gewiss!
846 521 42 4 —
928 501 66 44 (für
1018 502 82 42 sich)

93 557 101 32 Kenn
217 557 79 33 lätzi
320 557 330 40 Uewwerraschung!

27 621 66 32 Dr.
117 620 278 40 Kneppchen:
421 620 54 40 Ja,
514 619 54 34 Sie
602 620 184 40 verzeihen,
823 620 53 32 ich
908 630 87 22 muss
1027 620 75 33 sehr

95 674 77 40 eilig
196 692 40 4 —
263 674 73 33 sehr
361 674 76 40 eilig
451 692 39 4 —
511 672 186 44 (zerstreut)
721 674 124 33 Wohin
868 684 69 22 war
960 684 34 22 es
1018 674 82 33 nur?

94 727 129 41 (schaut
252 728 34 32 in
315 728 70 31 sein
415 727 196 40 Notizbuch)
635 728 83 32 Was
747 737 70 23 war
847 738 34 22 es
909 727 83 33 nur?
1033 728 67 40 Ah,

93 782 120 40 richtig
236 791 59 23 zur
312 782 200 32 Bibliothek.
538 782 260 40 Entschuldigen
815 780 55 34 Sie
894 782 104 31 meine
1014 782 85 33 Eile.

95 836 183 32 Verzeihen
303 835 64 41 Sie,
392 845 95 23 wenn
511 835 52 33 ich
587 835 191 33 aufbreche.
808 835 174 41 Empfehle
1005 836 94 32 mich.

94 888 262 43 (verabschiedet
378 889 82 40 sich)

28 952 117 32 Fritz
171 951 255 41 Grinsinger
450 950 144 44 (wütend
623 952 42 32 im
689 952 140 32 Zimmer
858 952 59 32 auf
937 953 67 32 und
1028 952 70 41 ab):

94 1006 60 40 Na,
181 1006 66 32 diss
272 1006 60 32 soll
347 1008 58 30 m'r
430 1006 81 32 emol
524 1005 85 40 jetzt
632 1006 56 32 nix
712 1006 65 32 sin!
803 1007 111 31 Wenn
929 1016 61 22 nur
1012 1006 88 41 glich

95 1069 17 23 e
135 1059 436 34 Millionedunderweschbel
586 1060 34 32 in
645 1060 51 32 die
720 1060 164 32 sächsisch
907 1060 194 32 Verwandt-

96 1113 106 33 schaft
226 1114 207 32 ninschlaaue
457 1114 64 32 tät!
571 1113 78 33 Diss
673 1114 51 32 sin
747 1114 59 32 m’r
826 1114 35 39 jo
885 1114 132 32 schöeni
1038 1107 62 39 Üs-

94 1168 118 32 sichte!
246 1167 189 41 (Jeannette
458 1168 65 32 und
547 1166 86 33 Lisa
655 1169 148 31 kommen
826 1177 63 23 von
912 1168 94 40 links,
1031 1167 69 33 Au-

95 1224 95 39 guste
213 1231 64 23 von
301 1219 133 43 rechts.)

29 1276 181 32 Madame
235 1275 271 40 Grinsinger:
533 1276 82 32 Mon
638 1276 107 31 Dieu!

30 1338 117 32 Fritz
180 1338 254 41 Grinsinger
465 1336 71 43 (mit
560 1338 133 32 Wärme
718 1348 40 21 zu
782 1338 112 32 seinen
916 1336 183 44 Kindern):

96 1393 180 36 Jeannette,
301 1393 92 36 Lisa,
417 1392 159 41 Auguste,
602 1392 93 37 Lisa,
719 1391 144 32 Kinder!

29 1455 114 32 Lisa:
168 1456 83 31 Was
275 1455 70 33 isch
363 1456 121 39 papa?

30 1518 246 33 Jeannette:
300 1518 75 32 Isch
400 1518 56 33 ebs
479 1517 165 41 gschehn?

32 1581 190 40 Auguste
247 1580 95 43 (fasst
366 1581 65 32 ihm
457 1581 61 32 den
541 1578 107 45 Puls):
673 1581 103 33 Isch’s
802 1582 48 31 d’r
873 1581 50 32 nit
945 1580 101 41 guet?

32 1642 116 33 Fritz
175 1643 268 40 Grinsinger:
475 1643 103 40 Doch,
611 1653 119 22 awwer
752 1644 53 31 ich
827 1644 64 32 hab
917 1653 16 23 e
957 1644 140 32 Wueth!

98 1696 31 32 E
153 1697 121 32 Wueth
305 1697 61 32 wie
392 1706 16 23 e
431 1697 89 32 Hüs!
568 1697 156 32 Bedenke
754 1707 135 30 numme,
921 1707 68 22 was
1018 1697 82 40 Ejer

99 1750 115 32 Babbe
248 1751 34 31 in
318 1750 117 40 drissig
465 1750 84 33 Johr
578 1749 139 41 gschafft
751 1751 80 39 hett,
869 1760 52 22 um
952 1751 148 32 d’Famili

103 1803 205 42 Grinsinger
323 1804 33 31 in
374 1803 108 32 d’Höh
499 1813 37 22 ze
551 1803 124 41 bringe,
701 1804 69 32 isch
794 1803 76 33 uff’s
887 1803 90 41 Spiel
993 1805 107 38 gsetzt

101 1857 129 32 durrich
269 1858 103 31 denne
396 1856 224 42 hergeloffene,
657 1858 343 32 üewwerzwärichene
1021 1859 79 32 Pro-

101 1909 103 34 fesser
226 1915 37 27 üs
288 1910 137 33 Sachse!
