1 1
446 33 45 28 —
533 33 48 33 65
623 40 36 21 —

19 128 192 34 Gauthier
240 127 113 42 (durch
384 129 51 31 die
464 128 97 31 Mitte
584 128 122 31 herein.
742 128 48 31 Er
813 130 87 38 trägt
933 128 152 33 Gehrock

84 184 66 30 und
166 183 163 41 Zylinder,
357 182 175 39 feierlich):
558 182 218 40 Verzeihung,
795 192 93 22 wenn
912 182 52 32 ich
989 187 95 28 störe.

17 237 107 32 Hans
149 236 235 40 Grinsinger
400 236 75 39 (von
488 234 136 41 rechts):
650 236 43 31 Ei
706 235 175 40 herjehses,
896 236 41 31 im
951 237 135 31 Braten-

84 291 78 31 rock
185 299 42 22 un
253 290 47 30 d'r
323 288 120 32 Esse!?

19 351 205 33 Gauthier:
251 351 130 33 Jawohl
406 350 117 34 Onkel.
553 369 36 3 —
617 350 80 43 (sich
722 362 40 21 zu
786 352 89 31 Fritz
894 351 193 41 Grinsinger

84 404 170 41 wendend)
271 405 58 31 Ich
339 406 124 30 komme
476 405 147 39 nämlich,
642 415 51 21 um
706 405 109 31 Herrn
828 405 257 32 Hoflieferanten

84 459 91 31 Fritz
201 458 192 39 Grinsinger
416 458 42 31 im
481 457 144 41 Auftrag
645 459 56 31 des
721 457 279 34 Sachsenbundes
1017 459 69 32 mit-

84 513 149 38 zuteilen,
261 512 72 31 dass
351 521 35 22 er
402 512 193 39 einstimmig
612 512 45 31 als
675 512 151 39 Mitglied
843 512 242 40 aufgenommen

86 566 130 31 worden
240 566 53 31 ist.
318 564 170 42 (schüttelt
511 565 63 31 ihm
601 566 52 31 die
676 565 110 40 Hand)

17 620 108 31 Hans
151 619 246 40 Grinsinger:
424 619 51 31 Da
491 619 157 40 gratulier
664 619 51 32 ich
733 619 76 32 Dir!
836 618 169 42 (schüttelt
1021 620 64 31 ihm

87 672 157 33 ebenfalls
268 672 125 39 kräftig
424 672 51 32 die
499 672 111 39 Hand)
657 673 69 31 Das
750 683 68 22 war
842 673 77 32 aber
943 674 78 32 ooch
1048 674 37 31 de

86 727 133 32 höchste
235 726 224 32 Eisenbahne!

18 782 64 31 Dr.
108 780 258 40 Kneppchen:
393 780 161 33 Schliesse
578 781 84 32 mich
688 782 56 31 der
769 781 206 34 Gratulation
1000 792 49 23 an.

17 834 203 32 Ehrstein:
247 834 52 31 Ich
326 834 72 31 derf
423 835 48 30 'ne
494 835 86 31 wohl
605 844 40 23 au
669 835 184 40 gratüliere.
891 834 101 42 (giebt
1020 837 65 31 ihm

86 887 158 32 ebenfalls
269 888 51 32 die
344 888 111 39 Hand)

19 950 107 32 Fritz
152 940 232 51 Grinsinger
416 951 145 40 (wütend
575 951 52 32 für
641 950 96 41 sich):
764 953 29 31 E
811 952 125 32 frecher
948 954 134 32 Patron!

85 1004 85 32 Dass
196 1005 55 31 der
275 1005 171 31 üewweral
471 1005 61 31 sini
555 1005 68 32 Nas
647 1006 168 32 ninstecke
839 1017 115 22 muess.

18 1067 63 32 Dr.
107 1068 259 39 Kneppchen:
429 1068 88 31 Herr
556 1068 201 41 Grinsinger,
796 1071 56 30 das
893 1071 125 31 scheint
1049 1071 36 40 ja

84 1121 97 31 heute
206 1122 51 30 ein
281 1122 127 31 wahrer
433 1121 182 41 Glückstag
640 1123 53 32 für
717 1122 55 33 Sie
803 1134 39 21 zu
875 1124 77 31 sein.
1000 1125 84 31 Eine

86 1173 146 42 freudige
263 1175 177 32 Nachricht
470 1176 82 31 nach
584 1177 55 30 der
669 1177 130 32 andern.
840 1176 52 41 (zu
924 1177 161 33 Gauthier

84 1229 64 30 und
174 1229 92 31 Hans
291 1228 205 42 Grinsinger)
531 1230 57 31 Ich
606 1230 82 31 habe
706 1231 137 32 nämlich
860 1232 110 31 Herrn
987 1231 96 33 Grin-

86 1282 108 39 singer
219 1282 80 32 eben
312 1282 82 32 auch
408 1282 70 32 eine
492 1283 147 40 freudige
652 1278 252 46 Überraschung
915 1285 165 39 gebracht.

18 1335 107 31 Fritz
151 1335 232 40 Grinsinger
413 1335 186 42 (kläglich):
625 1336 29 33 O
676 1337 53 40 ja!

17 1388 63 32 Dr.
105 1381 255 48 Kneppchen:
387 1390 111 32 Durch
523 1391 101 31 meine
650 1390 331 42 Schädelmessungen
998 1393 83 32 habe

83 1442 52 32 ich
160 1443 70 31 eine
254 1443 160 39 geradezu
439 1443 220 33 verblüffende
679 1446 219 39 Entdeckung
921 1447 158 39 gemacht.

83 1496 107 32 Unser
213 1496 101 32 lieber
336 1497 88 31 Herr
449 1497 192 40 Grinsinger
664 1497 81 42 (legt
769 1499 52 31 die
837 1500 98 31 Hand
952 1500 59 31 auf
1030 1500 50 32 die

83 1548 151 33 Schulter
257 1550 89 31 Fritz
374 1550 234 41 Grinsingers)
641 1552 58 31 hat
731 1552 60 32 den
815 1554 263 39 rassenreinsten,

82 1603 241 39 germanischen
359 1603 148 41 Schädel,
549 1605 56 31 der
642 1605 51 32 bis
729 1605 84 40 jetzt
849 1616 63 23 von
954 1608 125 30 meinen

82 1656 162 40 Kollegen
268 1657 64 31 und
356 1657 59 31 mir
437 1667 166 30 gemessen
627 1660 130 31 worden
780 1660 52 31 ist.
872 1660 48 31 Er
949 1660 44 32 ist
1023 1661 56 32 der

82 1711 275 39 ausgesprochene
381 1712 121 40 Typus.

17 1769 206 35 Gauthier:
250 1772 42 32 Ei
314 1774 192 39 gratuliere!
532 1774 68 32 Das
624 1775 43 32 ist
687 1775 36 39 ja
748 1775 115 33 famos!

16 1833 104 32 Hans
146 1834 244 44 Grinsinger:
417 1836 58 31 Ich
488 1846 56 30 sag
559 1837 34 40 's,
602 1837 36 40 ja
650 1838 59 31 wir
722 1837 208 41 Grinsingers
944 1839 49 31 sin
1006 1840 72 39 egal

80 1896 100 23 vorne
205 1888 87 31 dran.
