1 1
563 78 40 4 —
654 65 60 28 100
763 78 39 5 —

150 157 165 32 Rièmer:
347 158 66 40 Ah,
435 169 70 30 par
528 160 167 39 exemple!
735 158 122 40 (grosse
887 159 205 41 Entrüstung
1119 161 94 31 unter

216 212 62 31 den
302 212 209 39 Mitgliedern
536 212 56 31 der
615 212 177 41 Fanfare.)
814 212 47 32 Es
885 212 71 40 leijt
979 212 47 32 uff
1040 213 48 32 d'r
1102 214 108 40 Hand,

216 265 73 32 dass
312 275 66 22 vun
394 266 74 40 hytt
491 275 42 22 an
549 266 78 31 alles
652 265 98 40 fertig
767 276 64 21 unn
853 266 111 32 verbie
987 266 69 32 isch
1073 267 139 32 zwische

214 318 47 32 d'r
285 318 152 40 Fanfare
460 329 64 21 unn
550 319 58 32 dir.
639 319 66 31 Mir
728 318 120 33 brüche
871 321 85 30 kenn
981 321 183 30 mouchard
1179 320 33 31 in

212 381 133 23 unserer
371 371 158 34 Societät!
579 371 175 41 (Lebhafte
778 371 246 42 Zustimmung.)

145 443 72 33 Die
240 443 230 40 Mitglieder
494 444 65 32 der
583 443 174 40 Fanfare:
785 444 24 32 A
820 446 74 34 bas
918 446 28 30 le
973 446 167 30 traître!!

144 515 110 32 Fritz
290 514 248 41 Grinsinger:
581 515 82 40 Quel
696 516 180 30 malheur!
917 515 82 40 Quel
1032 517 156 30 malheur
1198 517 12 30 !

211 567 112 42 (Lässt
347 568 68 32 sich
438 568 201 32 verzweifelt
663 567 59 33 auf
736 569 92 31 einen
846 567 96 33 Stuhl
966 567 138 42 sinken.)

144 630 193 33 Gauthier
360 628 184 44 (feierlich):
569 630 58 32 Ich
650 630 122 32 brauch
795 630 104 32 Ihnen
922 631 86 32 wohl
1031 632 91 31 nicht
1145 633 66 30 erst

211 694 39 22 zu
268 693 107 32 sagen,
403 684 74 32 dass
493 684 60 32 wir
577 684 82 32 auch
683 683 59 39 auf
754 684 76 32 Ihre
854 683 127 33 fernere
997 684 214 41 Mitwirkung

210 738 84 32 beim
320 737 252 34 Sachsenbunde
600 737 202 32 verzichten!
850 738 68 31 Für
950 737 107 33 solche
1088 738 122 32 Lands-

210 792 88 31 leute
321 791 171 32 bedanken
507 791 61 31 wir
591 800 70 22 uns.
697 791 68 31 Für
780 791 157 32 Verräter
961 791 43 31 ist
1020 791 32 32 in
1072 801 138 22 unseren

210 845 126 32 Reihen
359 844 76 32 kein
457 844 111 32 Platz!

144 907 73 33 Die
244 907 230 40 Mitglieder
505 907 64 32 des
599 906 322 34 Sachsenbundes
957 906 170 42 (teilweise
1151 907 58 32 mit

211 961 116 32 vollem
351 958 133 44 Mund):
512 960 209 33 Schmeisst’n
738 970 74 22 raus
830 959 98 33 aus’m
945 961 111 32 Bund!
1082 961 128 32 Hinaus

211 1015 58 32 mit
293 1015 70 32 dem
388 1014 169 32 Verräter!

145 1078 109 32 Fritz
279 1077 234 40 Grinsinger
538 1075 66 43 (für
620 1075 97 42 sich):
743 1076 60 32 D'r
819 1076 184 32 Nundedié!
1029 1077 101 39 Jetzt,
1148 1076 62 32 wie

213 1132 46 32 sie
282 1131 60 32 mir
356 1131 64 31 min
437 1131 216 40 buffet-froid
681 1131 139 31 verdaxt
835 1130 74 40 han,
933 1140 37 22 ze
986 1130 63 32 han
1066 1131 46 31 sie
1128 1130 82 32 noch

214 1195 17 22 e
256 1184 103 32 frechi
383 1183 126 34 Gosch!

147 1248 43 31 de
213 1248 99 31 Rose
337 1244 229 44 (vortretend):
592 1247 182 37 Monsieur,
789 1257 42 21 on
843 1247 84 30 vient
939 1248 40 29 de
994 1247 217 39 m'expliquer

213 1304 85 28 toute
332 1301 162 41 l'affaire,
530 1302 73 29 c'est
638 1311 62 20 une
730 1300 167 41 infamie!
934 1300 68 31 Une
1036 1299 174 31 trahison!

213 1356 53 36 Et,
284 1353 145 42 j'espère
445 1365 60 30 que
524 1364 79 21 vous
621 1354 134 30 n'aurez
774 1355 80 38 plus
871 1354 149 30 l'audace
1036 1354 39 30 de
1093 1355 118 37 porter

213 1411 76 29 cette
311 1407 189 33 décoration
517 1417 59 30 que
592 1417 78 21 vous
687 1417 76 21 avez
778 1408 31 30 si
820 1417 67 29 peu
902 1405 135 32 méritée
1048 1407 12 30 !
1076 1404 134 43 (Beifall

213 1461 53 33 bei
282 1462 62 31 den
366 1461 210 39 Mitgliedern
600 1461 57 31 der
680 1457 164 43 Fanfare)

147 1533 109 32 Fritz
280 1532 231 39 Grinsinger
536 1530 100 42 (zieht
653 1531 61 32 den
732 1530 110 34 Orden
860 1540 66 29 aus,
951 1530 182 32 betrachtet
1154 1529 55 31 ihn

213 1585 249 33 melancholisch
493 1585 64 31 und
587 1585 149 32 trocknet
766 1584 68 31 sich
866 1584 104 39 einige
1000 1584 127 31 Tränen
1152 1591 56 23 aus

215 1640 62 30 den
300 1636 148 42 Augen):
474 1638 77 32 Unn
574 1638 52 31 ich
650 1638 62 31 hab
729 1638 59 31 m’r
812 1647 17 22 e
853 1646 34 23 so
904 1636 111 39 Müehj
1036 1640 63 35 gän
1116 1636 93 39 ghett

214 1691 101 33 for'ne
350 1702 40 21 zu
424 1691 181 32 bekumme!
653 1690 180 33 Grandeur
867 1693 29 28 et
930 1689 199 32 décadence!
1166 1705 38 4 —

214 1743 227 44 (verzweifelt)
477 1744 76 32 Isch
584 1745 83 30 denn
698 1744 119 31 niemes
848 1744 39 31 do
911 1743 61 32 wie
1002 1743 59 31 m’r
1084 1741 120 33 helft?!

146 1807 164 33 Rièmer:
336 1806 53 41 So,
414 1816 64 22 unn
503 1806 61 32 ebb
590 1807 73 31 dass
687 1806 51 32 ich
762 1806 72 40 geh,
864 1814 36 23 ze
927 1805 68 32 will
1018 1804 52 32 ich
1094 1804 49 31 dir
1167 1813 40 22 au

211 1861 82 31 noch
317 1870 106 30 saaue,
456 1861 73 30 dass
559 1869 65 22 vun
648 1868 52 23 ere
716 1860 176 40 fiançaille
921 1858 139 32 zwische
1088 1856 118 33 minere

212 1914 139 32 Tochter
375 1923 64 22 unn
465 1913 62 31 dim
553 1912 88 33 Sohn
664 1912 57 32 nix
744 1916 86 28 wäre
853 1912 101 31 kann!
