1 1
574 40 42 5 —
664 26 45 34 66
756 26 36 27 —

147 122 210 33 Gauthier:
383 122 68 31 Das
475 121 44 32 ist
541 120 149 33 wirklich
714 120 187 41 grossartig,
928 121 72 31 dass
1024 121 119 40 gerade
1161 122 52 31 ein

210 175 193 39 Deutscher,
441 175 56 31 der
531 174 42 32 im
608 174 113 32 Elsass
756 174 69 32 lebt
860 165 111 41 diesen
1006 174 204 33 ehrenvollen

210 228 139 33 Schädel
379 228 72 32 hat!
500 228 53 32 Da
576 237 86 23 muss
691 228 142 39 mächtig
862 227 139 40 Kapital
1033 228 95 32 draus
1159 237 53 31 ge-

210 283 154 39 schlagen
387 282 146 32 werden!

143 345 109 32 Fritz
277 344 233 40 Grinsinger
533 342 67 42 (für
624 342 99 41 sich):
750 346 24 29 's
798 345 123 30 kummt
946 344 46 31 als
1015 343 126 32 besser!

142 409 106 32 Hans
274 407 248 40 Grinsinger:
549 405 280 41 Gottverdimmig,
856 407 51 31 dei
926 406 76 31 Bild
1018 405 115 41 bringe
1149 407 60 31 m’r

208 461 33 33 in
282 462 38 31 de
367 461 125 33 Woche
529 461 64 31 und
629 460 147 32 schrei'm
821 460 132 31 drunter
994 459 217 33 Hoflieferant

212 515 201 39 Grinsinger,
438 515 58 31 mit
519 514 78 32 seim
621 514 207 32 urdeitschen
852 513 147 33 Schädel.

142 578 206 33 Gauthier:
374 577 258 39 Donnerwetter,
659 576 56 32 das
739 576 44 32 ist
806 576 50 32 ein
881 576 196 40 Vorschlag!

141 641 109 44 Fritz
275 639 235 41 Grinsinger
540 639 67 41 (für
630 639 98 40 sich):
754 639 148 41 Heiliger
926 639 186 33 Sebastian!

142 704 63 31 Dr.
230 703 254 40 Kneppchen:
509 703 81 31 Hm!
617 702 119 32 Leider
760 704 86 30 kann
870 702 52 32 ich
951 702 57 32 das
1039 702 89 32 nicht
1158 711 52 23 zu-

209 757 113 40 geben,
356 757 41 31 da
431 756 60 32 wir
525 765 60 23 uns
626 756 87 32 diese
748 756 218 40 Entdeckung
1005 755 52 32 für
1095 765 115 23 unsere

208 809 310 34 wissenschaftliche
542 809 120 32 Arbeit
685 809 212 32 vorbehalten
920 813 137 28 müssen.

142 873 109 32 Fritz
277 872 238 40 Grinsinger
539 870 67 43 (für
629 871 97 40 sich):
754 871 139 33 Schüeni
917 865 168 38 Üssichte!

143 936 204 32 Ehrstein:
374 935 141 40 Speziell
539 934 33 32 in
596 934 120 32 meiner
732 934 232 32 Doktorarbeit
988 934 145 40 gedenke
1157 933 52 33 ich

211 990 61 31 den
297 989 72 32 Fall
393 988 200 32 ausführlich
617 999 41 21 zu
681 988 192 32 behandeln.

143 1052 108 31 Fritz
277 1051 232 39 Grinsinger
533 1050 65 41 (für
623 1051 98 40 sich):
757 1051 67 32 Hol
849 1051 74 32 dich
947 1051 48 32 d'r
1018 1050 111 32 Deifel
1152 1050 58 31 mit

212 1105 109 32 dinere
344 1105 257 32 Dokterarweit!

145 1168 62 32 Dr.
232 1168 259 40 Kneppchen:
527 1168 81 32 Hm!
642 1167 111 32 Daran
784 1167 43 32 ist
857 1167 89 32 nicht
976 1177 40 22 zu
1049 1165 158 40 zweifeln,

213 1221 86 32 diese
333 1221 218 40 Entdeckung
591 1221 82 31 wird
708 1221 179 40 unbedingt
909 1221 121 31 Furore
1058 1220 148 32 machen!

212 1275 87 31 Herr
307 1273 193 41 Grinsinger
512 1273 160 33 übertrifft
686 1275 138 31 nämlich
837 1284 50 22 um
902 1274 50 32 ein
965 1273 244 32 Erkleckliches

215 1329 60 31 den
307 1327 139 33 Schädel
477 1328 87 32 eines
599 1328 204 32 sächsischen
839 1327 257 39 Staatsanwalts,
1132 1327 77 32 Prä-

214 1383 106 30 sident
345 1382 55 32 des
413 1380 323 33 Generalverbandes
761 1382 56 31 der
834 1381 205 32 sächsischen
1054 1381 155 39 Krieger-

214 1436 140 39 vereine,
369 1436 61 31 den
443 1435 52 32 ich
506 1435 110 32 bisher
629 1434 52 33 für
694 1436 60 31 den
767 1435 252 32 rassenreinsten
1034 1434 175 32 deutschen

216 1489 138 33 Schädel
377 1489 151 40 gehalten
552 1488 92 32 habe.

150 1542 206 33 Gauthier:
397 1542 68 31 Das
500 1542 43 31 ist
574 1542 35 40 ja
644 1542 148 31 wirklich
827 1542 73 31 sehr
934 1540 273 40 schmeichelhaft,

216 1596 74 31 sehr
329 1596 163 31 ehrenvoll
531 1594 52 33 für
620 1596 109 31 Herrn
768 1594 201 41 Grinsinger.
1024 1594 184 33 Gratüliere

215 1649 81 32 noch
330 1649 114 31 einmal
474 1648 188 32 herzlichst!
711 1647 168 43 (schüttelt
908 1648 64 31 ihm
1003 1647 124 40 kräftig
1157 1648 51 31 die

216 1701 111 40 Hand)

149 1756 106 31 Hans
280 1754 249 41 Grinsinger:
554 1756 53 39 Ja,
633 1755 59 32 mir
717 1754 204 41 Grinsinger!
947 1755 66 31 Mir
1024 1754 69 32 sein
1109 1754 97 32 helle!

215 1808 92 32 Aber
329 1808 68 32 bild
423 1809 47 31 d'r
493 1819 60 21 nur
576 1809 74 32 nich
673 1818 41 22 zu
737 1808 63 32 viel
818 1807 78 33 druf
914 1808 59 39 ein,
993 1808 60 31 den
1070 1807 139 33 Schädel

214 1862 93 32 haste
330 1871 62 23 von
417 1862 106 32 dein’n
547 1861 203 34 Grossvater.
