1 1
438 68 40 4 —
527 53 60 28 107
637 68 40 4 —

27 149 187 31 Durand:
241 149 122 31 Bravo!
390 148 124 32 Durich
532 148 50 31 die
607 149 70 31 edle
694 149 97 31 Wort
807 149 65 31 zait
887 149 64 31 min
969 147 116 41 Onkel,

92 202 61 32 wie
178 202 121 32 schnell
324 202 102 31 dass'r
450 202 50 31 die
526 202 70 31 edle
619 201 77 32 Idee
720 212 65 21 vun
816 203 46 30 d'r
885 202 203 40 Friddesliga

91 255 33 32 in
148 255 69 32 sich
241 255 210 40 uffgenumme
475 255 79 32 bett.

25 309 117 32 Fritz
168 308 266 40 Grinsinger:
460 309 78 31 Diss
562 309 65 31 will
651 308 53 33 ich
728 309 117 31 meine!

25 372 183 32 Durand:
234 372 108 31 Miner
366 371 106 33 Onkel
497 372 70 30 hett
591 381 118 21 awwer
732 371 81 32 noch
845 371 47 31 uff
913 371 175 31 e-n-anderi

93 425 64 31 Art
180 425 117 31 sueche
322 435 36 21 ze
382 425 148 39 bewiese,
551 425 73 31 dass
649 434 35 22 er
707 425 67 31 sich
795 425 102 31 denne
913 425 77 31 Idee
1014 434 73 22 vum

90 478 232 32 Völkerfridde
347 478 204 40 angschlosse
575 479 80 38 hett,
680 478 105 31 indem
811 479 101 30 dass'r
927 478 160 40 inwilligt,

92 532 127 32 obwohl
243 532 102 31 dass'r
361 542 16 21 e
402 531 101 32 Sachs
527 532 79 38 isch,
632 531 73 32 dass
729 531 53 32 ich
806 531 46 32 als
869 532 141 31 Franzos
1028 531 60 32 sini

90 586 140 31 Tochter
253 587 82 30 Lisa
359 595 57 22 zur
439 586 86 31 Frau
550 585 104 31 nimm.

24 648 98 32 Lisa
145 647 169 42 (freudig):
340 647 103 33 Isch’s
456 648 98 39 wohr,
581 646 152 33 Babbe?!

24 702 117 32 Fritz
166 701 261 40 Grinsinger:
465 702 43 32 Ja
532 702 64 30 min
620 701 102 40 Kind,
749 711 33 21 es
806 701 67 32 isch
899 710 62 23 eso.
1009 699 80 43 (Für

87 755 84 40 sich)
196 755 81 31 Was
301 755 68 31 will
392 755 10 31 i
427 753 147 33 mache?!

23 809 113 31 Lisa:
168 807 162 33 Charles!
354 809 162 40 (Durand
539 808 64 31 und
627 809 83 30 Lisa
733 818 161 21 umarmen
918 806 91 41 sich).

23 862 215 32 Ehrstein:
263 862 58 32 Ich
338 863 86 30 kann
441 871 60 22 nur
517 861 150 40 bstätige,
685 871 68 22 was
772 862 46 30 d'r
841 862 88 31 Herr
949 861 140 33 Charles

89 916 94 39 gsaat
205 915 87 32 hett!

22 969 116 31 Fritz
164 969 248 40 Grinsinger:
439 970 83 36 Bon,
544 968 85 40 jetzt
651 970 124 30 kummt
802 969 56 31 der
881 978 42 22 au
945 968 97 32 noch!

24 1032 207 31 Ehrstein:
268 1033 77 32 Unn
368 1032 80 42 Ihne
472 1032 192 40 versichere,
696 1032 74 31 dass
805 1032 107 31 unseri
947 1042 144 21 commu-

89 1085 99 32 nauté
204 1086 121 31 d'idées
351 1086 58 31 mit
438 1095 16 22 e
484 1086 219 39 Hauptgrund
732 1085 68 32 isch
828 1085 82 40 gsin,
944 1085 73 31 dass
1042 1084 48 32 d'r

89 1140 88 31 Herr
219 1140 204 40 Grinsinger
460 1140 60 31 mir
566 1139 130 31 d'Hand
741 1149 65 21 vun
846 1139 48 31 d'r
936 1138 153 32 Mamsell

88 1195 169 30 Jeannette
281 1194 164 32 akordiert
467 1194 75 31 het!

22 1247 113 32 Fritz
161 1246 251 41 Grinsinger:
439 1247 126 31 Pincé!

23 1300 223 33 Jeannette:
272 1301 51 32 Do
347 1301 96 32 isch’s
460 1300 127 40 offiziel,
613 1299 154 33 Babbe?!

22 1354 115 32 Fritz
163 1354 248 40 Grinsinger:
436 1354 42 32 Ei
499 1354 44 40 jo,
569 1354 64 31 min
656 1354 106 31 Kind!

23 1408 245 32 Jeannette:
295 1407 164 42 Georges!
484 1405 232 44 (Umarmung.)

23 1461 62 32 Dr.
111 1461 258 40 Kneppchen:
400 1462 74 32 Von
509 1461 183 31 demselben
722 1460 276 40 Gesichtspunkte
1032 1469 56 22 aus

89 1515 82 31 wird
195 1516 87 30 Herr
320 1515 192 39 Grinsinger
541 1515 117 39 gewiss
697 1514 81 32 auch
815 1514 51 31 die
901 1512 189 40 Verlobung

90 1568 104 32 seines
219 1568 124 32 Sohnes
368 1569 57 31 mit
450 1569 88 30 einer
560 1567 185 33 Französin
761 1567 65 32 Frl.
848 1566 162 32 Gauthier
1033 1566 57 31 mit

90 1622 149 31 Freuden
263 1621 187 40 begrüssen.

23 1675 107 31 Fritz
169 1674 249 41 Grinsinger:
454 1675 58 32 Ich
541 1675 64 31 hab
635 1675 56 31 nix
721 1673 201 33 inzewende!
954 1691 41 3 —
1024 1672 66 42 (für

90 1726 81 42 sich)
195 1728 153 32 Dummer
373 1728 104 33 Stoss!

25 1781 97 40 Olga
153 1780 54 42 (zu
233 1781 102 32 ihrem
367 1779 130 43 Vater):
526 1782 76 32 Und
633 1782 42 31 du
703 1782 101 39 Papa,
835 1790 67 22 was
930 1780 89 39 sagst
1048 1779 42 31 du

92 1833 104 33 dazu?

23 1888 106 31 Hans
154 1887 246 41 Grinsinger:
454 1888 54 31 Da
533 1888 38 31 de
596 1898 43 21 nu
663 1888 81 31 doch
769 1887 81 31 emal
879 1896 17 22 e
926 1886 163 32 Franzose

89 1940 81 41 bist,
210 1942 104 31 kanns
349 1941 117 40 dirsch,
501 1951 87 22 wees
634 1940 220 41 Kneppchen,
893 1939 82 33 auch
1018 1939 71 39 egal
