<alto xmlns="http://www.loc.gov/standards/alto/ns-v3#" xmlns:xlink="http://www.w3.org/1999/xlink" xmlns:xsi="http://www.w3.org/2001/XMLSchema-instance" xmlns:xs="http://www.w3.org/2001/XMLSchema" xsi:schemaLocation="http://www.loc.gov/standards/alto/ns-v4# https://www.loc.gov/standards/alto/v4/alto.xsd">
  <Description>
    <MeasurementUnit>pixel</MeasurementUnit>
    <sourceImageInformation>
      <fileName/>
    </sourceImageInformation>
    <OCRProcessing ID="IdOcr">
      <ocrProcessingStep>
        <processingSoftware>
          <softwareName>tesseract 4.1.0</softwareName>
        </processingSoftware>
      </ocrProcessingStep>
    </OCRProcessing>
  </Description>
  <Styles><TextStyle ID="font0" FONTSIZE="38.25" FONTFAMILY="jbnolc+helvetica-bold" FONTTYPE="sans-serif" FONTWIDTH="proportional" FONTCOLOR="#WWWWff" FONTSTYLE="bold"/><TextStyle ID="font1" FONTSIZE="41.0" FONTFAMILY="jbnolc+helvetica-bold" FONTTYPE="sans-serif" FONTWIDTH="proportional" FONTCOLOR="#WWWWff" FONTSTYLE="bold"/><TextStyle ID="font2" FONTSIZE="38.921509" FONTFAMILY="jbnolc+helvetica-bold" FONTTYPE="sans-serif" FONTWIDTH="proportional" FONTCOLOR="#WWWWff" FONTSTYLE="bold"/><TextStyle ID="font3" FONTSIZE="37.664051" FONTFAMILY="jbnolc+helvetica-bold" FONTTYPE="sans-serif" FONTWIDTH="proportional" FONTCOLOR="#WWWWff" FONTSTYLE="bold"/><TextStyle ID="font4" FONTSIZE="40.0" FONTFAMILY="jbnolc+helvetica-bold" FONTTYPE="sans-serif" FONTWIDTH="proportional" FONTCOLOR="#WWWWff" FONTSTYLE="bold"/><TextStyle ID="font5" FONTSIZE="42.0" FONTFAMILY="jbnolc+helvetica-bold" FONTTYPE="sans-serif" FONTWIDTH="proportional" FONTCOLOR="#WWWWff" FONTSTYLE="bold"/><TextStyle ID="font6" FONTSIZE="43.0" FONTFAMILY="jbnolc+helvetica-bold" FONTTYPE="sans-serif" FONTWIDTH="proportional" FONTCOLOR="#WWWWff" FONTSTYLE="bold"/><TextStyle ID="font7" FONTSIZE="39.239216" FONTFAMILY="jbnolc+helvetica-bold" FONTTYPE="sans-serif" FONTWIDTH="proportional" FONTCOLOR="#WWWWff" FONTSTYLE="bold"/><TextStyle ID="font8" FONTSIZE="42.071606" FONTFAMILY="jbnolc+helvetica-bold" FONTTYPE="sans-serif" FONTWIDTH="proportional" FONTCOLOR="#WWWWff" FONTSTYLE="bold"/><TextStyle ID="font9" FONTSIZE="40.402069" FONTFAMILY="jbnolc+helvetica-bold" FONTTYPE="sans-serif" FONTWIDTH="proportional" FONTCOLOR="#WWWWff" FONTSTYLE="bold"/></Styles><Layout>
    <Page ID="page_1" PHYSICAL_IMG_NR="1" HEIGHT="1" WIDTH="1">
      <PrintSpace HEIGHT="1" WIDTH="1" VPOS="0" HPOS="0">
        <ComposedBlock ID="carea_1_1" HEIGHT="27" WIDTH="219" VPOS="81" HPOS="459">
          <TextBlock ID="par_1_1" HEIGHT="27" WIDTH="219" VPOS="81" HPOS="459">
            <TextLine ID="line_1_1" HEIGHT="469" WIDTH="NaN" VPOS="-10" HPOS="0">
              <String ID="word_1_1" CONTENT="&#8212;" HEIGHT="25" WIDTH="45" VPOS="81" HPOS="459" WC="0.38" STYLEREFS="font0"/>
              <String ID="word_1_2" CONTENT="43" HEIGHT="27" WIDTH="45" VPOS="81" HPOS="545" WC="0.38" STYLEREFS="font0"/>
              <String ID="word_1_3" CONTENT="&#8212;" HEIGHT="25" WIDTH="43" VPOS="83" HPOS="635" WC="0.38" STYLEREFS="font0"/>
            </TextLine>
          </TextBlock>
        </ComposedBlock>
        <ComposedBlock ID="carea_1_2" HEIGHT="143" WIDTH="1068" VPOS="171" HPOS="31">
          <TextBlock ID="par_1_2" HEIGHT="143" WIDTH="1068" VPOS="171" HPOS="31">
            <TextLine ID="line_1_2" HEIGHT="40" WIDTH="NaN" VPOS="-9" HPOS="0.003">
              <String ID="word_1_4" CONTENT="Hans" HEIGHT="31" WIDTH="107" VPOS="176" HPOS="31" WC="0.93" STYLEREFS="font1"/>
              <String ID="word_1_5" CONTENT="Grinsinger" HEIGHT="41" WIDTH="233" VPOS="174" HPOS="156" WC="0.92" STYLEREFS="font1"/>
              <String ID="word_1_6" CONTENT="(jovial):" HEIGHT="45" WIDTH="141" VPOS="171" HPOS="404" WC="0.84" STYLEREFS="font1"/>
              <String ID="word_1_7" CONTENT="Aber" HEIGHT="33" WIDTH="92" VPOS="174" HPOS="572" WC="0.96" STYLEREFS="font1"/>
              <String ID="word_1_8" CONTENT="Vetter," HEIGHT="39" WIDTH="127" VPOS="176" HPOS="680" WC="0.93" STYLEREFS="font1"/>
              <String ID="word_1_9" CONTENT="kohl" HEIGHT="33" WIDTH="76" VPOS="176" HPOS="833" WC="0.91" STYLEREFS="font1"/>
              <String ID="word_1_10" CONTENT="doch" HEIGHT="32" WIDTH="81" VPOS="177" HPOS="927" WC="0.96" STYLEREFS="font1"/>
              <String ID="word_1_11" CONTENT="nich" HEIGHT="33" WIDTH="75" VPOS="177" HPOS="1024" WC="0.96" STYLEREFS="font1"/>
            </TextLine>
            <TextLine ID="line_1_3" HEIGHT="101" WIDTH="NaN" VPOS="-3" HPOS="0.003">
              <String ID="word_1_12" CONTENT="eso." HEIGHT="22" WIDTH="64" VPOS="239" HPOS="98" WC="0.91" STYLEREFS="font2"/>
              <String ID="word_1_13" CONTENT="Wir" HEIGHT="32" WIDTH="74" VPOS="228" HPOS="195" WC="0.93" STYLEREFS="font2"/>
              <String ID="word_1_14" CONTENT="w&#228;r'n" HEIGHT="32" WIDTH="100" VPOS="228" HPOS="286" WC="0.89" STYLEREFS="font2"/>
              <String ID="word_1_15" CONTENT="uns" HEIGHT="23" WIDTH="59" VPOS="237" HPOS="402" WC="0.93" STYLEREFS="font2"/>
              <String ID="word_1_16" CONTENT="doch" HEIGHT="33" WIDTH="82" VPOS="228" HPOS="481" WC="0.92" STYLEREFS="font2"/>
              <String ID="word_1_17" CONTENT="nicht" HEIGHT="33" WIDTH="89" VPOS="228" HPOS="578" WC="0.92" STYLEREFS="font2"/>
              <String ID="word_1_18" CONTENT="sietzen?" HEIGHT="34" WIDTH="145" VPOS="227" HPOS="693" WC="0" STYLEREFS="font2"/>
              <String ID="word_1_19" CONTENT="Wie" HEIGHT="32" WIDTH="76" VPOS="230" HPOS="878" WC="0.91" STYLEREFS="font2"/>
              <String ID="word_1_20" CONTENT="heesste" HEIGHT="32" WIDTH="127" VPOS="231" HPOS="970" WC="0.91" STYLEREFS="font2"/>
            </TextLine>
            <TextLine ID="line_1_4" HEIGHT="100" WIDTH="NaN" VPOS="0" HPOS="-0.005">
              <String ID="word_1_21" CONTENT="denn" HEIGHT="32" WIDTH="82" VPOS="282" HPOS="100" WC="0.9" STYLEREFS="font3"/>
              <String ID="word_1_22" CONTENT="mit&#8217;n" HEIGHT="32" WIDTH="90" VPOS="282" HPOS="206" WC="0.45" STYLEREFS="font3"/>
              <String ID="word_1_23" CONTENT="Vornamen?" HEIGHT="34" WIDTH="210" VPOS="280" HPOS="320" WC="0" STYLEREFS="font3"/>
            </TextLine>
          </TextBlock>
        </ComposedBlock>
        <ComposedBlock ID="carea_1_3" HEIGHT="40" WIDTH="758" VPOS="344" HPOS="31">
          <TextBlock ID="par_1_3" HEIGHT="40" WIDTH="758" VPOS="344" HPOS="31">
            <TextLine ID="line_1_5" HEIGHT="38" WIDTH="NaN" VPOS="-7" HPOS="0">
              <String ID="word_1_24" CONTENT="Fritz" HEIGHT="32" WIDTH="117" VPOS="345" HPOS="31" WC="0.92" STYLEREFS="font4"/>
              <String ID="word_1_25" CONTENT="Grinsinger:" HEIGHT="40" WIDTH="271" VPOS="344" HPOS="173" WC="0.9" STYLEREFS="font4"/>
              <String ID="word_1_26" CONTENT="Ich" HEIGHT="32" WIDTH="58" VPOS="344" HPOS="480" WC="0.93" STYLEREFS="font4"/>
              <String ID="word_1_27" CONTENT="heisse" HEIGHT="32" WIDTH="105" VPOS="344" HPOS="561" WC="0.91" STYLEREFS="font4"/>
              <String ID="word_1_28" CONTENT="Fritz." HEIGHT="33" WIDTH="99" VPOS="344" HPOS="690" WC="0.95" STYLEREFS="font4"/>
            </TextLine>
          </TextBlock>
        </ComposedBlock>
        <ComposedBlock ID="carea_1_4" HEIGHT="95" WIDTH="1064" VPOS="406" HPOS="32">
          <TextBlock ID="par_1_4" HEIGHT="95" WIDTH="1064" VPOS="406" HPOS="32">
            <TextLine ID="line_1_6" HEIGHT="43" WIDTH="NaN" VPOS="-11" HPOS="0.003">
              <String ID="word_1_29" CONTENT="Hans" HEIGHT="31" WIDTH="106" VPOS="407" HPOS="32" WC="0.92" STYLEREFS="font1"/>
              <String ID="word_1_30" CONTENT="Grinsinger:" HEIGHT="40" WIDTH="251" VPOS="406" HPOS="164" WC="0.91" STYLEREFS="font1"/>
              <String ID="word_1_31" CONTENT="Und" HEIGHT="32" WIDTH="77" VPOS="406" HPOS="446" WC="0.91" STYLEREFS="font1"/>
              <String ID="word_1_32" CONTENT="ich" HEIGHT="32" WIDTH="52" VPOS="406" HPOS="547" WC="0.96" STYLEREFS="font1"/>
              <String ID="word_1_33" CONTENT="Hans." HEIGHT="31" WIDTH="103" VPOS="407" HPOS="623" WC="0.83" STYLEREFS="font1"/>
              <String ID="word_1_34" CONTENT="Komm" HEIGHT="33" WIDTH="117" VPOS="407" HPOS="773" WC="0.83" STYLEREFS="font1"/>
              <String ID="word_1_35" CONTENT="her" HEIGHT="32" WIDTH="58" VPOS="408" HPOS="915" WC="0.96" STYLEREFS="font1"/>
              <String ID="word_1_36" CONTENT="Fritz," HEIGHT="41" WIDTH="100" VPOS="408" HPOS="996" WC="0.94" STYLEREFS="font1"/>
            </TextLine>
            <TextLine ID="line_1_7" HEIGHT="108" WIDTH="NaN" VPOS="-10" HPOS="0.003">
              <String ID="word_1_37" CONTENT="da" HEIGHT="30" WIDTH="40" VPOS="461" HPOS="98" WC="0.93" STYLEREFS="font1"/>
              <String ID="word_1_38" CONTENT="hast&#8217;n" HEIGHT="32" WIDTH="107" VPOS="460" HPOS="154" WC="0.74" STYLEREFS="font1"/>
              <String ID="word_1_39" CONTENT="Schmatz" HEIGHT="33" WIDTH="150" VPOS="459" HPOS="277" WC="0.91" STYLEREFS="font1"/>
              <String ID="word_1_40" CONTENT="und" HEIGHT="31" WIDTH="65" VPOS="460" HPOS="444" WC="0.96" STYLEREFS="font1"/>
              <String ID="word_1_41" CONTENT="nu" HEIGHT="21" WIDTH="43" VPOS="470" HPOS="533" WC="0.92" STYLEREFS="font1"/>
              <String ID="word_1_42" CONTENT="sagst" HEIGHT="39" WIDTH="90" VPOS="461" HPOS="593" WC="0.92" STYLEREFS="font1"/>
              <String ID="word_1_43" CONTENT="de" HEIGHT="31" WIDTH="38" VPOS="460" HPOS="708" WC="0.93" STYLEREFS="font1"/>
              <String ID="word_1_44" CONTENT="egal" HEIGHT="40" WIDTH="72" VPOS="461" HPOS="763" WC="0.92" STYLEREFS="font1"/>
              <String ID="word_1_45" CONTENT="Hans" HEIGHT="31" WIDTH="93" VPOS="462" HPOS="852" WC="0.96" STYLEREFS="font1"/>
              <String ID="word_1_46" CONTENT="zu" HEIGHT="23" WIDTH="39" VPOS="471" HPOS="970" WC="0.96" STYLEREFS="font1"/>
              <String ID="word_1_47" CONTENT="mir." HEIGHT="32" WIDTH="70" VPOS="462" HPOS="1025" WC="0.96" STYLEREFS="font1"/>
            </TextLine>
          </TextBlock>
        </ComposedBlock>
        <ComposedBlock ID="carea_1_5" HEIGHT="43" WIDTH="1064" VPOS="521" HPOS="31">
          <TextBlock ID="par_1_5" HEIGHT="43" WIDTH="1064" VPOS="521" HPOS="31">
            <TextLine ID="line_1_8" HEIGHT="41" WIDTH="NaN" VPOS="-10" HPOS="0.003">
              <String ID="word_1_48" CONTENT="Fritz" HEIGHT="32" WIDTH="116" VPOS="522" HPOS="31" WC="0.93" STYLEREFS="font1"/>
              <String ID="word_1_49" CONTENT="Grinsinger" HEIGHT="41" WIDTH="251" VPOS="521" HPOS="172" WC="0.9" STYLEREFS="font1"/>
              <String ID="word_1_50" CONTENT="(mit" HEIGHT="42" WIDTH="69" VPOS="521" HPOS="447" WC="0.93" STYLEREFS="font1"/>
              <String ID="word_1_51" CONTENT="Ueberwindung):" HEIGHT="42" WIDTH="294" VPOS="522" HPOS="538" WC="0.91" STYLEREFS="font1"/>
              <String ID="word_1_52" CONTENT="Ja" HEIGHT="33" WIDTH="45" VPOS="524" HPOS="858" WC="0.92" STYLEREFS="font1"/>
              <String ID="word_1_53" CONTENT="&#8212;" HEIGHT="4" WIDTH="41" VPOS="542" HPOS="928" WC="0.91" STYLEREFS="font1"/>
              <String ID="word_1_54" CONTENT="Hans." HEIGHT="32" WIDTH="102" VPOS="525" HPOS="993" WC="0.95" STYLEREFS="font1"/>
            </TextLine>
          </TextBlock>
        </ComposedBlock>
        <ComposedBlock ID="carea_1_6" HEIGHT="255" WIDTH="1066" VPOS="584" HPOS="31">
          <TextBlock ID="par_1_6" HEIGHT="255" WIDTH="1066" VPOS="584" HPOS="31">
            <TextLine ID="line_1_9" HEIGHT="42" WIDTH="NaN" VPOS="-11" HPOS="0.003">
              <String ID="word_1_55" CONTENT="Hans" HEIGHT="32" WIDTH="106" VPOS="585" HPOS="31" WC="0.93" STYLEREFS="font5"/>
              <String ID="word_1_56" CONTENT="Grinsinger:" HEIGHT="40" WIDTH="249" VPOS="584" HPOS="163" WC="0.91" STYLEREFS="font5"/>
              <String ID="word_1_57" CONTENT="Nu" HEIGHT="33" WIDTH="53" VPOS="584" HPOS="439" WC="0.93" STYLEREFS="font5"/>
              <String ID="word_1_58" CONTENT="lass" HEIGHT="32" WIDTH="65" VPOS="585" HPOS="515" WC="0.92" STYLEREFS="font5"/>
              <String ID="word_1_59" CONTENT="d&#8217;ch" HEIGHT="32" WIDTH="72" VPOS="585" HPOS="605" WC="0.39" STYLEREFS="font5"/>
              <String ID="word_1_60" CONTENT="aber" HEIGHT="32" WIDTH="77" VPOS="585" HPOS="702" WC="0.96" STYLEREFS="font5"/>
              <String ID="word_1_61" CONTENT="mal" HEIGHT="31" WIDTH="64" VPOS="586" HPOS="794" WC="0.93" STYLEREFS="font5"/>
              <String ID="word_1_62" CONTENT="belieb&#228;ugeln" HEIGHT="41" WIDTH="224" VPOS="586" HPOS="873" WC="0.62" STYLEREFS="font5"/>
            </TextLine>
            <TextLine ID="line_1_10" HEIGHT="106" WIDTH="NaN" VPOS="-10" HPOS="0.002">
              <String ID="word_1_63" CONTENT="Fritze" HEIGHT="33" WIDTH="109" VPOS="638" HPOS="96" WC="0.92" STYLEREFS="font6"/>
              <String ID="word_1_64" CONTENT="(mustert" HEIGHT="43" WIDTH="148" VPOS="637" HPOS="239" WC="0.92" STYLEREFS="font6"/>
              <String ID="word_1_65" CONTENT="ihn)." HEIGHT="44" WIDTH="78" VPOS="636" HPOS="424" WC="0.54" STYLEREFS="font6"/>
              <String ID="word_1_66" CONTENT="Gottverdimmmich" HEIGHT="33" WIDTH="321" VPOS="638" HPOS="565" WC="0" STYLEREFS="font6"/>
              <String ID="word_1_67" CONTENT="ufs" HEIGHT="33" WIDTH="52" VPOS="639" HPOS="917" WC="0.91" STYLEREFS="font6"/>
              <String ID="word_1_68" CONTENT="Daus" HEIGHT="31" WIDTH="91" VPOS="641" HPOS="1005" WC="0.91" STYLEREFS="font6"/>
            </TextLine>
            <TextLine ID="line_1_11" HEIGHT="109" WIDTH="NaN" VPOS="-11" HPOS="0.003">
              <String ID="word_1_69" CONTENT="d'r" HEIGHT="31" WIDTH="49" VPOS="692" HPOS="98" WC="0.14" STYLEREFS="font4"/>
              <String ID="word_1_70" CONTENT="olle" HEIGHT="32" WIDTH="62" VPOS="692" HPOS="176" WC="0.91" STYLEREFS="font4"/>
              <String ID="word_1_71" CONTENT="Grinsinger," HEIGHT="41" WIDTH="202" VPOS="691" HPOS="269" WC="0.92" STYLEREFS="font4"/>
              <String ID="word_1_72" CONTENT="unser" HEIGHT="22" WIDTH="96" VPOS="702" HPOS="503" WC="0.9" STYLEREFS="font4"/>
              <String ID="word_1_73" CONTENT="Grossvater," HEIGHT="40" WIDTH="205" VPOS="692" HPOS="624" WC="0.91" STYLEREFS="font4"/>
              <String ID="word_1_74" CONTENT="d&#8217;r" HEIGHT="32" WIDTH="49" VPOS="693" HPOS="861" WC="0.9" STYLEREFS="font4"/>
              <String ID="word_1_75" CONTENT="Sergeant" HEIGHT="41" WIDTH="158" VPOS="693" HPOS="939" WC="0.95" STYLEREFS="font4"/>
            </TextLine>
            <TextLine ID="line_1_12" HEIGHT="105" WIDTH="NaN" VPOS="-10" HPOS="0.003">
              <String ID="word_1_76" CONTENT="bei'n" HEIGHT="33" WIDTH="85" VPOS="745" HPOS="95" WC="0.89" STYLEREFS="font4"/>
              <String ID="word_1_77" CONTENT="Gardereitern!" HEIGHT="34" WIDTH="248" VPOS="744" HPOS="205" WC="0.91" STYLEREFS="font4"/>
              <String ID="word_1_78" CONTENT="&#8212;" HEIGHT="4" WIDTH="40" VPOS="764" HPOS="470" WC="0.92" STYLEREFS="font4"/>
              <String ID="word_1_79" CONTENT="Weess" HEIGHT="32" WIDTH="117" VPOS="746" HPOS="526" WC="0.9" STYLEREFS="font4"/>
              <String ID="word_1_80" CONTENT="Kneppchen," HEIGHT="40" WIDTH="216" VPOS="747" HPOS="667" WC="0.91" STYLEREFS="font4"/>
              <String ID="word_1_81" CONTENT="jeder" HEIGHT="40" WIDTH="97" VPOS="747" HPOS="905" WC="0.92" STYLEREFS="font4"/>
              <String ID="word_1_82" CONTENT="Zoll" HEIGHT="31" WIDTH="73" VPOS="749" HPOS="1024" WC="0.9" STYLEREFS="font4"/>
            </TextLine>
            <TextLine ID="line_1_13" HEIGHT="106" WIDTH="NaN" VPOS="-8" HPOS="0">
              <String ID="word_1_83" CONTENT="e" HEIGHT="22" WIDTH="16" VPOS="809" HPOS="98" WC="0.91" STYLEREFS="font1"/>
              <String ID="word_1_84" CONTENT="Grinsinger!" HEIGHT="41" WIDTH="207" VPOS="798" HPOS="140" WC="0.82" STYLEREFS="font1"/>
            </TextLine>
          </TextBlock>
        </ComposedBlock>
        <ComposedBlock ID="carea_1_7" HEIGHT="41" WIDTH="1011" VPOS="861" HPOS="31">
          <TextBlock ID="par_1_7" HEIGHT="41" WIDTH="1011" VPOS="861" HPOS="31">
            <TextLine ID="line_1_14" HEIGHT="39" WIDTH="NaN" VPOS="-8" HPOS="0.002">
              <String ID="word_1_85" CONTENT="Fritz" HEIGHT="32" WIDTH="116" VPOS="862" HPOS="31" WC="0.93" STYLEREFS="font4"/>
              <String ID="word_1_86" CONTENT="Grinsinger:" HEIGHT="41" WIDTH="271" VPOS="861" HPOS="173" WC="0.9" STYLEREFS="font4"/>
              <String ID="word_1_87" CONTENT="Das" HEIGHT="32" WIDTH="68" VPOS="863" HPOS="476" WC="0.93" STYLEREFS="font4"/>
              <String ID="word_1_88" CONTENT="freut" HEIGHT="33" WIDTH="86" VPOS="862" HPOS="569" WC="0.92" STYLEREFS="font4"/>
              <String ID="word_1_89" CONTENT="mich" HEIGHT="32" WIDTH="83" VPOS="863" HPOS="678" WC="0.96" STYLEREFS="font4"/>
              <String ID="word_1_90" CONTENT="aber" HEIGHT="32" WIDTH="77" VPOS="863" HPOS="786" WC="0.93" STYLEREFS="font4"/>
              <String ID="word_1_91" CONTENT="wirklich." HEIGHT="32" WIDTH="157" VPOS="864" HPOS="885" WC="0.91" STYLEREFS="font4"/>
            </TextLine>
          </TextBlock>
        </ComposedBlock>
        <ComposedBlock ID="carea_1_8" HEIGHT="140" WIDTH="1068" VPOS="924" HPOS="29">
          <TextBlock ID="par_1_8" HEIGHT="140" WIDTH="1068" VPOS="924" HPOS="29">
            <TextLine ID="line_1_15" HEIGHT="38" WIDTH="NaN" VPOS="-9" HPOS="0.001">
              <String ID="word_1_92" CONTENT="Hans" HEIGHT="32" WIDTH="113" VPOS="925" HPOS="29" WC="0.93" STYLEREFS="font1"/>
              <String ID="word_1_93" CONTENT="Grinsinger:" HEIGHT="41" WIDTH="273" VPOS="924" HPOS="175" WC="0.91" STYLEREFS="font1"/>
              <String ID="word_1_94" CONTENT="Jeder" HEIGHT="33" WIDTH="103" VPOS="925" HPOS="492" WC="0.91" STYLEREFS="font1"/>
              <String ID="word_1_95" CONTENT="Zoll" HEIGHT="32" WIDTH="73" VPOS="926" HPOS="621" WC="0.91" STYLEREFS="font1"/>
              <String ID="word_1_96" CONTENT="e" HEIGHT="22" WIDTH="18" VPOS="936" HPOS="723" WC="0.92" STYLEREFS="font1"/>
              <String ID="word_1_97" CONTENT="Grinsinger," HEIGHT="41" WIDTH="202" VPOS="925" HPOS="764" WC="0.88" STYLEREFS="font1"/>
              <String ID="word_1_98" CONTENT="jeder" HEIGHT="41" WIDTH="94" VPOS="925" HPOS="1003" WC="0.88" STYLEREFS="font1"/>
            </TextLine>
            <TextLine ID="line_1_16" HEIGHT="106" WIDTH="NaN" VPOS="-10" HPOS="0.002">
              <String ID="word_1_99" CONTENT="Zoll" HEIGHT="33" WIDTH="73" VPOS="978" HPOS="96" WC="0.91" STYLEREFS="font1"/>
              <String ID="word_1_100" CONTENT="e" HEIGHT="22" WIDTH="16" VPOS="988" HPOS="193" WC="0.91" STYLEREFS="font1"/>
              <String ID="word_1_101" CONTENT="keeniglicher" HEIGHT="40" WIDTH="219" VPOS="978" HPOS="233" WC="0.91" STYLEREFS="font1"/>
              <String ID="word_1_102" CONTENT="Sachse." HEIGHT="34" WIDTH="129" VPOS="978" HPOS="477" WC="0.96" STYLEREFS="font1"/>
              <String ID="word_1_103" CONTENT="Aber" HEIGHT="33" WIDTH="94" VPOS="979" HPOS="653" WC="0.96" STYLEREFS="font1"/>
              <String ID="word_1_104" CONTENT="noch" HEIGHT="32" WIDTH="80" VPOS="980" HPOS="774" WC="0.92" STYLEREFS="font1"/>
              <String ID="word_1_105" CONTENT="keene" HEIGHT="31" WIDTH="102" VPOS="981" HPOS="884" WC="0.92" STYLEREFS="font1"/>
              <String ID="word_1_106" CONTENT="Spur" HEIGHT="41" WIDTH="85" VPOS="979" HPOS="1011" WC="0.96" STYLEREFS="font1"/>
            </TextLine>
            <TextLine ID="line_1_17" HEIGHT="97" WIDTH="NaN" VPOS="0" HPOS="0">
              <String ID="word_1_107" CONTENT="verw&#228;lscht!" HEIGHT="31" WIDTH="209" VPOS="1033" HPOS="97" WC="0.9" STYLEREFS="font7"/>
            </TextLine>
          </TextBlock>
        </ComposedBlock>
        <ComposedBlock ID="carea_1_9" HEIGHT="86" WIDTH="1065" VPOS="1094" HPOS="32">
          <TextBlock ID="par_1_9" HEIGHT="86" WIDTH="1065" VPOS="1094" HPOS="32">
            <TextLine ID="line_1_18" HEIGHT="42" WIDTH="NaN" VPOS="-10" HPOS="0.002">
              <String ID="word_1_108" CONTENT="Gauthier:" HEIGHT="33" WIDTH="223" VPOS="1094" HPOS="32" WC="0.92" STYLEREFS="font1"/>
              <String ID="word_1_109" CONTENT="Ja" HEIGHT="33" WIDTH="45" VPOS="1095" HPOS="281" WC="0.96" STYLEREFS="font1"/>
              <String ID="word_1_110" CONTENT="darum" HEIGHT="31" WIDTH="110" VPOS="1096" HPOS="351" WC="0.96" STYLEREFS="font1"/>
              <String ID="word_1_111" CONTENT="f&#252;hlt" HEIGHT="32" WIDTH="86" VPOS="1095" HPOS="485" WC="0.96" STYLEREFS="font1"/>
              <String ID="word_1_112" CONTENT="man" HEIGHT="23" WIDTH="73" VPOS="1105" HPOS="594" WC="0.96" STYLEREFS="font1"/>
              <String ID="word_1_113" CONTENT="sich" HEIGHT="32" WIDTH="70" VPOS="1096" HPOS="684" WC="0.96" STYLEREFS="font1"/>
              <String ID="word_1_114" CONTENT="gleich" HEIGHT="40" WIDTH="106" VPOS="1096" HPOS="769" WC="0.96" STYLEREFS="font1"/>
              <String ID="word_1_115" CONTENT="so" HEIGHT="23" WIDTH="35" VPOS="1106" HPOS="891" WC="0.96" STYLEREFS="font1"/>
              <String ID="word_1_116" CONTENT="heimisch" HEIGHT="33" WIDTH="154" VPOS="1096" HPOS="943" WC="0.96" STYLEREFS="font1"/>
            </TextLine>
            <TextLine ID="line_1_19" HEIGHT="95" WIDTH="NaN" VPOS="0" HPOS="0">
              <String ID="word_1_117" CONTENT="bei" HEIGHT="33" WIDTH="53" VPOS="1147" HPOS="95" WC="0.94" STYLEREFS="font8"/>
              <String ID="word_1_118" CONTENT="Ihnen." HEIGHT="32" WIDTH="114" VPOS="1148" HPOS="172" WC="0.94" STYLEREFS="font8"/>
            </TextLine>
          </TextBlock>
        </ComposedBlock>
        <ComposedBlock ID="carea_1_10" HEIGHT="157" WIDTH="1067" VPOS="1204" HPOS="29">
          <TextBlock ID="par_1_10" HEIGHT="157" WIDTH="1067" VPOS="1204" HPOS="29">
            <TextLine ID="line_1_20" HEIGHT="39" WIDTH="NaN" VPOS="-10" HPOS="0.002">
              <String ID="word_1_119" CONTENT="Fritz" HEIGHT="33" WIDTH="113" VPOS="1210" HPOS="29" WC="0.92" STYLEREFS="font5"/>
              <String ID="word_1_120" CONTENT="Grinsinger" HEIGHT="47" WIDTH="255" VPOS="1204" HPOS="172" WC="0.92" STYLEREFS="font5"/>
              <String ID="word_1_121" CONTENT="(f&#252;r" HEIGHT="42" WIDTH="65" VPOS="1210" HPOS="459" WC="0.96" STYLEREFS="font5"/>
              <String ID="word_1_122" CONTENT="sich):" HEIGHT="41" WIDTH="101" VPOS="1211" HPOS="547" WC="0.96" STYLEREFS="font5"/>
              <String ID="word_1_123" CONTENT="Diss" HEIGHT="33" WIDTH="77" VPOS="1212" HPOS="680" WC="0.96" STYLEREFS="font5"/>
              <String ID="word_1_124" CONTENT="kann" HEIGHT="31" WIDTH="87" VPOS="1214" HPOS="781" WC="0.96" STYLEREFS="font5"/>
              <String ID="word_1_125" CONTENT="guet" HEIGHT="39" WIDTH="78" VPOS="1214" HPOS="891" WC="0.96" STYLEREFS="font5"/>
              <String ID="word_1_126" CONTENT="w&#228;re!" HEIGHT="32" WIDTH="102" VPOS="1213" HPOS="992" WC="0.96" STYLEREFS="font5"/>
            </TextLine>
            <TextLine ID="line_1_21" HEIGHT="105" WIDTH="NaN" VPOS="-10" HPOS="0.002">
              <String ID="word_1_127" CONTENT="(Die" HEIGHT="43" WIDTH="76" VPOS="1263" HPOS="95" WC="0.93" STYLEREFS="font5"/>
              <String ID="word_1_128" CONTENT="Magd" HEIGHT="39" WIDTH="101" VPOS="1266" HPOS="203" WC="0.92" STYLEREFS="font5"/>
              <String ID="word_1_129" CONTENT="bringt" HEIGHT="42" WIDTH="110" VPOS="1264" HPOS="335" WC="0.95" STYLEREFS="font5"/>
              <String ID="word_1_130" CONTENT="eine" HEIGHT="31" WIDTH="70" VPOS="1266" HPOS="482" WC="0.96" STYLEREFS="font5"/>
              <String ID="word_1_131" CONTENT="Flasche" HEIGHT="32" WIDTH="138" VPOS="1266" HPOS="582" WC="0.96" STYLEREFS="font5"/>
              <String ID="word_1_132" CONTENT="Wein" HEIGHT="32" WIDTH="100" VPOS="1266" HPOS="751" WC="0.96" STYLEREFS="font5"/>
              <String ID="word_1_133" CONTENT="und" HEIGHT="31" WIDTH="64" VPOS="1267" HPOS="888" WC="0.94" STYLEREFS="font5"/>
              <String ID="word_1_134" CONTENT="einige" HEIGHT="40" WIDTH="106" VPOS="1266" HPOS="990" WC="0.94" STYLEREFS="font5"/>
            </TextLine>
            <TextLine ID="line_1_22" HEIGHT="104" WIDTH="NaN" VPOS="-11" HPOS="0.004">
              <String ID="word_1_135" CONTENT="Trinkgl&#228;ser" HEIGHT="41" WIDTH="209" VPOS="1318" HPOS="93" WC="0.58" STYLEREFS="font5"/>
              <String ID="word_1_136" CONTENT="und" HEIGHT="31" WIDTH="65" VPOS="1319" HPOS="326" WC="0.96" STYLEREFS="font5"/>
              <String ID="word_1_137" CONTENT="stellt" HEIGHT="31" WIDTH="89" VPOS="1320" HPOS="415" WC="0.94" STYLEREFS="font5"/>
              <String ID="word_1_138" CONTENT="sie" HEIGHT="31" WIDTH="46" VPOS="1320" HPOS="528" WC="0.94" STYLEREFS="font5"/>
              <String ID="word_1_139" CONTENT="auf" HEIGHT="31" WIDTH="59" VPOS="1320" HPOS="599" WC="0.96" STYLEREFS="font5"/>
              <String ID="word_1_140" CONTENT="den" HEIGHT="32" WIDTH="61" VPOS="1320" HPOS="681" WC="0.96" STYLEREFS="font5"/>
              <String ID="word_1_141" CONTENT="Tisch.)" HEIGHT="41" WIDTH="119" VPOS="1320" HPOS="766" WC="0.96" STYLEREFS="font5"/>
            </TextLine>
          </TextBlock>
        </ComposedBlock>
        <ComposedBlock ID="carea_1_11" HEIGHT="93" WIDTH="1068" VPOS="1381" HPOS="28">
          <TextBlock ID="par_1_11" HEIGHT="93" WIDTH="1068" VPOS="1381" HPOS="28">
            <TextLine ID="line_1_23" HEIGHT="37" WIDTH="NaN" VPOS="-9" HPOS="0.001">
              <String ID="word_1_142" CONTENT="Hans" HEIGHT="32" WIDTH="110" VPOS="1381" HPOS="28" WC="0.93" STYLEREFS="font1"/>
              <String ID="word_1_143" CONTENT="Grinsinger:" HEIGHT="41" WIDTH="274" VPOS="1381" HPOS="175" WC="0.92" STYLEREFS="font1"/>
              <String ID="word_1_144" CONTENT="Was?" HEIGHT="33" WIDTH="105" VPOS="1381" HPOS="481" WC="0" STYLEREFS="font1"/>
              <String ID="word_1_145" CONTENT="Gluckern" HEIGHT="34" WIDTH="168" VPOS="1381" HPOS="617" WC="0.91" STYLEREFS="font1"/>
              <String ID="word_1_146" CONTENT="sollen" HEIGHT="33" WIDTH="101" VPOS="1383" HPOS="810" WC="0.92" STYLEREFS="font1"/>
              <String ID="word_1_147" CONTENT="wir" HEIGHT="33" WIDTH="60" VPOS="1382" HPOS="934" WC="0.93" STYLEREFS="font1"/>
              <String ID="word_1_148" CONTENT="ooch" HEIGHT="33" WIDTH="78" VPOS="1383" HPOS="1018" WC="0.9" STYLEREFS="font1"/>
            </TextLine>
            <TextLine ID="line_1_24" HEIGHT="101" WIDTH="NaN" VPOS="-9" HPOS="0.004">
              <String ID="word_1_149" CONTENT="gleich" HEIGHT="40" WIDTH="106" VPOS="1434" HPOS="92" WC="0.93" STYLEREFS="font1"/>
              <String ID="word_1_150" CONTENT="eene?" HEIGHT="34" WIDTH="102" VPOS="1433" HPOS="224" WC="0" STYLEREFS="font1"/>
            </TextLine>
          </TextBlock>
        </ComposedBlock>
        <ComposedBlock ID="carea_1_12" HEIGHT="96" WIDTH="1071" VPOS="1488" HPOS="26">
          <TextBlock ID="par_1_12" HEIGHT="96" WIDTH="1071" VPOS="1488" HPOS="26">
            <TextLine ID="line_1_25" HEIGHT="35" WIDTH="NaN" VPOS="-9" HPOS="0.003">
              <String ID="word_1_151" CONTENT="Fritz" HEIGHT="31" WIDTH="118" VPOS="1488" HPOS="26" WC="0.91" STYLEREFS="font4"/>
              <String ID="word_1_152" CONTENT="Grinsinger:" HEIGHT="40" WIDTH="272" VPOS="1488" HPOS="177" WC="0.91" STYLEREFS="font4"/>
              <String ID="word_1_153" CONTENT="Gewiss!" HEIGHT="33" WIDTH="148" VPOS="1488" HPOS="488" WC="0.92" STYLEREFS="font4"/>
              <String ID="word_1_154" CONTENT="Wir" HEIGHT="32" WIDTH="75" VPOS="1489" HPOS="673" WC="0.93" STYLEREFS="font4"/>
              <String ID="word_1_155" CONTENT="m&#252;ssen" HEIGHT="29" WIDTH="128" VPOS="1493" HPOS="775" WC="0.43" STYLEREFS="font4"/>
              <String ID="word_1_156" CONTENT="doch" HEIGHT="32" WIDTH="80" VPOS="1490" HPOS="928" WC="0.92" STYLEREFS="font4"/>
              <String ID="word_1_157" CONTENT="Ge-" HEIGHT="33" WIDTH="64" VPOS="1489" HPOS="1033" WC="0.91" STYLEREFS="font4"/>
            </TextLine>
            <TextLine ID="line_1_26" HEIGHT="107" WIDTH="NaN" VPOS="-11" HPOS="0.003">
              <String ID="word_1_158" CONTENT="sundheit" HEIGHT="31" WIDTH="152" VPOS="1542" HPOS="96" WC="0.92" STYLEREFS="font6"/>
              <String ID="word_1_159" CONTENT="trinken" HEIGHT="31" WIDTH="129" VPOS="1542" HPOS="271" WC="0.92" STYLEREFS="font6"/>
              <String ID="word_1_160" CONTENT="(er" HEIGHT="41" WIDTH="49" VPOS="1540" HPOS="425" WC="0.93" STYLEREFS="font6"/>
              <String ID="word_1_161" CONTENT="schenkt" HEIGHT="32" WIDTH="137" VPOS="1542" HPOS="490" WC="0.93" STYLEREFS="font6"/>
              <String ID="word_1_162" CONTENT="ein)." HEIGHT="42" WIDTH="75" VPOS="1542" HPOS="643" WC="0.92" STYLEREFS="font6"/>
            </TextLine>
          </TextBlock>
        </ComposedBlock>
        <ComposedBlock ID="carea_1_13" HEIGHT="43" WIDTH="1032" VPOS="1594" HPOS="26">
          <TextBlock ID="par_1_13" HEIGHT="43" WIDTH="1032" VPOS="1594" HPOS="26">
            <TextLine ID="line_1_27" HEIGHT="37" WIDTH="NaN" VPOS="-11" HPOS="0.004">
              <String ID="word_1_163" CONTENT="Hans" HEIGHT="32" WIDTH="112" VPOS="1595" HPOS="26" WC="0.93" STYLEREFS="font4"/>
              <String ID="word_1_164" CONTENT="Grinsinger:" HEIGHT="41" WIDTH="274" VPOS="1594" HPOS="168" WC="0.92" STYLEREFS="font4"/>
              <String ID="word_1_165" CONTENT="Na" HEIGHT="31" WIDTH="52" VPOS="1596" HPOS="475" WC="0.95" STYLEREFS="font4"/>
              <String ID="word_1_166" CONTENT="allemal" HEIGHT="32" WIDTH="126" VPOS="1597" HPOS="551" WC="0.96" STYLEREFS="font4"/>
              <String ID="word_1_167" CONTENT="derjenige," HEIGHT="41" WIDTH="175" VPOS="1596" HPOS="702" WC="0.95" STYLEREFS="font4"/>
              <String ID="word_1_168" CONTENT="welcher!" HEIGHT="32" WIDTH="155" VPOS="1597" HPOS="903" WC="0.93" STYLEREFS="font4"/>
            </TextLine>
          </TextBlock>
        </ComposedBlock>
        <ComposedBlock ID="carea_1_14" HEIGHT="140" WIDTH="1068" VPOS="1647" HPOS="26">
          <TextBlock ID="par_1_14" HEIGHT="140" WIDTH="1068" VPOS="1647" HPOS="26">
            <TextLine ID="line_1_28" HEIGHT="30" WIDTH="NaN" VPOS="-4" HPOS="0.003">
              <String ID="word_1_169" CONTENT="Gauthier:" HEIGHT="33" WIDTH="230" VPOS="1647" HPOS="26" WC="0.96" STYLEREFS="font9"/>
              <String ID="word_1_170" CONTENT="Die" HEIGHT="32" WIDTH="63" VPOS="1648" HPOS="294" WC="0.93" STYLEREFS="font9"/>
              <String ID="word_1_171" CONTENT="alten" HEIGHT="31" WIDTH="87" VPOS="1650" HPOS="386" WC="0.92" STYLEREFS="font9"/>
              <String ID="word_1_172" CONTENT="Germanen" HEIGHT="34" WIDTH="183" VPOS="1648" HPOS="498" WC="0.91" STYLEREFS="font9"/>
              <String ID="word_1_173" CONTENT="tranken" HEIGHT="30" WIDTH="138" VPOS="1652" HPOS="711" WC="0.91" STYLEREFS="font9"/>
              <String ID="word_1_174" CONTENT="immer" HEIGHT="31" WIDTH="111" VPOS="1651" HPOS="878" WC="0.91" STYLEREFS="font9"/>
              <String ID="word_1_175" CONTENT="noch" HEIGHT="32" WIDTH="82" VPOS="1651" HPOS="1012" WC="0.96" STYLEREFS="font9"/>
            </TextLine>
            <TextLine ID="line_1_29" HEIGHT="101" WIDTH="NaN" VPOS="-11" HPOS="0.003">
              <String ID="word_1_176" CONTENT="eins!" HEIGHT="31" WIDTH="86" VPOS="1702" HPOS="90" WC="0.93" STYLEREFS="font6"/>
              <String ID="word_1_177" CONTENT="(Man" HEIGHT="45" WIDTH="90" VPOS="1699" HPOS="218" WC="0.92" STYLEREFS="font6"/>
              <String ID="word_1_178" CONTENT="st&#246;sst" HEIGHT="31" WIDTH="100" VPOS="1703" HPOS="332" WC="0.52" STYLEREFS="font6"/>
              <String ID="word_1_179" CONTENT="an.)" HEIGHT="40" WIDTH="65" VPOS="1703" HPOS="455" WC="0.96" STYLEREFS="font6"/>
              <String ID="word_1_180" CONTENT="Die" HEIGHT="32" WIDTH="63" VPOS="1703" HPOS="560" WC="0.96" STYLEREFS="font6"/>
              <String ID="word_1_181" CONTENT="Familie" HEIGHT="33" WIDTH="135" VPOS="1703" HPOS="654" WC="0.93" STYLEREFS="font6"/>
              <String ID="word_1_182" CONTENT="Grinsinger" HEIGHT="41" WIDTH="193" VPOS="1703" HPOS="814" WC="0.92" STYLEREFS="font6"/>
              <String ID="word_1_183" CONTENT="soll" HEIGHT="33" WIDTH="59" VPOS="1705" HPOS="1035" WC="0.96" STYLEREFS="font6"/>
            </TextLine>
            <TextLine ID="line_1_30" HEIGHT="91" WIDTH="NaN" VPOS="-1" HPOS="0.009">
              <String ID="word_1_184" CONTENT="leben!" HEIGHT="33" WIDTH="110" VPOS="1754" HPOS="90" WC="0.96" STYLEREFS="font9"/>
            </TextLine>
          </TextBlock>
        </ComposedBlock>
        <ComposedBlock ID="carea_1_15" HEIGHT="150" WIDTH="1068" VPOS="1807" HPOS="26">
          <TextBlock ID="par_1_15" HEIGHT="150" WIDTH="1068" VPOS="1807" HPOS="26">
            <TextLine ID="line_1_31" HEIGHT="37" WIDTH="NaN" VPOS="-11" HPOS="0.005">
              <String ID="word_1_185" CONTENT="Hans" HEIGHT="33" WIDTH="112" VPOS="1807" HPOS="26" WC="0.93" STYLEREFS="font4"/>
              <String ID="word_1_186" CONTENT="Grinsinger:" HEIGHT="41" WIDTH="277" VPOS="1808" HPOS="164" WC="0.92" STYLEREFS="font4"/>
              <String ID="word_1_187" CONTENT="Un" HEIGHT="33" WIDTH="54" VPOS="1810" HPOS="466" WC="0.93" STYLEREFS="font4"/>
              <String ID="word_1_188" CONTENT="zusammenhalten" HEIGHT="33" WIDTH="293" VPOS="1810" HPOS="536" WC="0.91" STYLEREFS="font4"/>
              <String ID="word_1_189" CONTENT="wie" HEIGHT="32" WIDTH="61" VPOS="1811" HPOS="845" WC="0.93" STYLEREFS="font4"/>
              <String ID="word_1_190" CONTENT="Bech" HEIGHT="32" WIDTH="90" VPOS="1811" HPOS="922" WC="0.92" STYLEREFS="font4"/>
              <String ID="word_1_191" CONTENT="und" HEIGHT="32" WIDTH="65" VPOS="1811" HPOS="1028" WC="0.96" STYLEREFS="font4"/>
            </TextLine>
            <TextLine ID="line_1_32" HEIGHT="102" WIDTH="NaN" VPOS="-10" HPOS="0.003">
              <String ID="word_1_192" CONTENT="Schwefel." HEIGHT="33" WIDTH="171" VPOS="1860" HPOS="92" WC="0.96" STYLEREFS="font1"/>
              <String ID="word_1_193" CONTENT="Von" HEIGHT="32" WIDTH="74" VPOS="1862" HPOS="304" WC="0.96" STYLEREFS="font1"/>
              <String ID="word_1_194" CONTENT="jetzt" HEIGHT="40" WIDTH="83" VPOS="1862" HPOS="408" WC="0.94" STYLEREFS="font1"/>
              <String ID="word_1_195" CONTENT="ab" HEIGHT="32" WIDTH="39" VPOS="1863" HPOS="526" WC="0.92" STYLEREFS="font1"/>
              <String ID="word_1_196" CONTENT="derf" HEIGHT="32" WIDTH="74" VPOS="1863" HPOS="602" WC="0.92" STYLEREFS="font1"/>
              <String ID="word_1_197" CONTENT="d&#8217;r" HEIGHT="33" WIDTH="48" VPOS="1862" HPOS="709" WC="0.86" STYLEREFS="font1"/>
              <String ID="word_1_198" CONTENT="Draht" HEIGHT="31" WIDTH="107" VPOS="1864" HPOS="791" WC="0.96" STYLEREFS="font1"/>
              <String ID="word_1_199" CONTENT="zwischen" HEIGHT="32" WIDTH="161" VPOS="1864" HPOS="933" WC="0.96" STYLEREFS="font1"/>
            </TextLine>
            <TextLine ID="line_1_33" HEIGHT="99" WIDTH="NaN" VPOS="-12" HPOS="0.003">
              <String ID="word_1_200" CONTENT="Leipzig" HEIGHT="41" WIDTH="139" VPOS="1913" HPOS="87" WC="0.96" STYLEREFS="font1"/>
              <String ID="word_1_201" CONTENT="un" HEIGHT="21" WIDTH="44" VPOS="1925" HPOS="259" WC="0.96" STYLEREFS="font1"/>
              <String ID="word_1_202" CONTENT="Strassburg" HEIGHT="43" WIDTH="195" VPOS="1914" HPOS="336" WC="0.96" STYLEREFS="font1"/>
              <String ID="word_1_203" CONTENT="nich" HEIGHT="33" WIDTH="75" VPOS="1916" HPOS="564" WC="0.96" STYLEREFS="font1"/>
              <String ID="word_1_204" CONTENT="mehr" HEIGHT="33" WIDTH="90" VPOS="1916" HPOS="679" WC="0.93" STYLEREFS="font1"/>
              <String ID="word_1_205" CONTENT="zerissen" HEIGHT="33" WIDTH="143" VPOS="1917" HPOS="811" WC="0.88" STYLEREFS="font1"/>
              <String ID="word_1_206" CONTENT="wern!" HEIGHT="31" WIDTH="105" VPOS="1918" HPOS="985" WC="0.88" STYLEREFS="font1"/>
            </TextLine>
          </TextBlock>
        </ComposedBlock>
      </PrintSpace>
    </Page>
  </Layout>
</alto>
