1 1
451 47 41 4 —
542 32 56 29 101
651 47 41 3 —

42 129 178 40 Auguste
245 126 114 44 (durch
377 128 51 31 die
444 126 97 33 Mitte
559 126 191 39 eintretend,
774 126 125 41 gefolgt
915 137 62 22 von
993 127 110 32 seinen

109 181 214 40 Schwestern,
360 181 152 32 Fräulein
549 180 168 39 Gauthier,
755 181 156 36 Durand,
950 180 154 32 Ehrstein

108 235 65 32 und
196 235 58 31 Dr.
280 231 234 44 Kneppchen):
542 234 82 31 Was
648 233 58 32 hör
730 233 52 32 ich
806 232 63 34 do?

40 298 151 32 Rièmer
216 296 53 43 (zu
293 296 176 41 Auguste):
494 296 65 33 Um
583 305 34 22 so
633 296 119 39 besser,
778 305 94 22 wenn
889 295 82 34 Sie’s
988 296 115 40 ghöert

107 351 71 39 han,
205 360 39 23 no
267 350 102 32 brüch
392 350 80 31 ich’s
499 349 48 32 'ne
571 349 108 32 nimmi
703 359 36 21 ze
764 359 106 22 saaue.

41 414 192 39 Auguste:
275 413 84 31 Tant
381 413 136 30 mieux!
551 411 50 33 No
634 411 101 32 brüch
766 411 51 32 ich
850 422 40 21 au
918 411 106 32 nimmi
1048 412 58 31 mit

105 467 120 31 minere
260 465 191 39 Verlobung
485 465 59 32 mit
579 465 48 31 d'r
662 465 149 31 Mamsell
851 464 85 42 Olga
975 467 130 30 zeruck-

109 520 135 32 zehalte.

43 582 204 33 Gauthier:
274 582 85 39 Wie,
384 591 78 30 was,
487 581 83 31 habe
594 581 51 32 ich
670 581 93 32 recht
785 580 219 33 verstanden?

41 636 161 32 Rièmer:
229 636 82 31 Was
335 635 58 31 hör
415 635 53 31 ich
493 633 63 33 do?
581 635 29 31 Et
634 634 79 40 neiji
736 636 152 30 trahison
900 636 40 30 ?!

43 698 98 40 Olga
177 696 53 43 (zu
261 698 101 31 ihrem
393 695 132 42 Vater):
562 698 54 38 Ja,
642 697 69 31 hier
735 698 101 39 Papa,
866 697 94 32 stelle
983 697 51 32 ich
1060 697 49 31 dir

108 752 124 31 meinen
257 751 189 40 Bräutigam
469 760 67 23 vor.

43 813 207 33 Gauthier:
275 815 93 37 Was,
392 813 66 32 bist
483 814 42 30 du
548 822 64 23 von
637 812 145 34 Sinnen?

41 868 105 31 Hans
171 867 250 40 Grinsinger:
455 867 55 31 Du
533 866 93 32 wirst
657 866 81 32 doch
762 866 105 32 nichts
899 866 145 40 dagegen
1069 876 38 22 zu

108 921 172 33 obonieren
305 919 126 33 haben?

43 982 202 34 Gauthier:
272 983 93 32 Aber
390 982 143 34 Onkel?!
567 982 93 33 Nach
684 983 104 39 allem,
813 992 67 22 was
905 981 202 41 vorgefallen

104 1036 80 33 ist?!
209 1037 59 32 Ich
291 1036 83 41 gebe
398 1036 102 32 meine
520 1036 139 33 Tochter
682 1036 127 32 keinem
827 1035 278 40 Franzosenkopf,

110 1090 70 32 dem
203 1089 89 34 Sohn
326 1100 63 22 von
424 1090 102 32 einem
550 1089 290 33 Landesverräter!
878 1087 124 44 (grosse
1029 1089 80 31 Ver-

111 1144 202 40 wunderung
329 1144 33 31 in
387 1144 57 31 der
457 1143 230 40 Gesellschaft,
714 1143 52 32 die
783 1143 81 32 eben
881 1144 229 39 angekommen

110 1195 68 43 ist.)
203 1197 160 32 Niemals!

45 1259 112 40 Olga:
183 1260 93 31 Aber
294 1261 115 39 papa!
432 1260 80 31 Was
536 1260 43 31 ist
603 1260 84 31 denn
709 1257 225 43 vorgefallen
920 1253 18 51 ?

44 1321 174 32 Durand:
259 1323 53 30 En
336 1323 95 39 effet!
470 1323 81 31 Was
582 1323 69 31 isch
692 1323 84 31 denn
807 1322 38 31 do
876 1321 148 41 passiert,
1061 1320 51 31 ihr

111 1376 110 32 mache
242 1375 35 40 jo
302 1376 55 31 alli
382 1375 162 41 Gsichter,
570 1375 62 33 wie
656 1375 122 32 wenn’r
802 1375 32 32 in
847 1375 25 32 ’s
891 1375 82 32 Leid
987 1376 125 30 kumme

111 1428 149 33 wärde?!
287 1447 41 4 —

46 1490 208 34 Gauthier:
281 1491 188 34 Schlimmer
493 1492 61 32 wie
579 1492 72 32 das!

46 1546 194 38 Auguste:
266 1545 76 33 Wie
367 1544 62 34 so?
460 1546 110 40 Qu'est
593 1556 33 21 ce
650 1546 123 41 qu'il
756 1540 22 51 y
797 1546 48 30 a?

47 1597 114 41 Olga:
188 1599 80 31 Was
292 1599 43 31 ist
347 1599 191 40 geschehen,
564 1597 115 41 Papa?
702 1617 41 3 —

48 1659 209 34 Gauthier:
283 1662 82 31 Was
381 1661 182 39 geschehen
579 1660 83 33 ist?!
689 1660 77 33 Sein
787 1660 199 33 sächsisches
1002 1660 116 31 Vater-

114 1714 76 31 land
213 1714 58 32 hat
293 1715 88 31 Herr
404 1713 193 42 Grinsinger
620 1715 165 31 verraten!
812 1710 251 45 (Zustimmung)

48 1766 169 33 Rièmer:
245 1767 94 39 Nein,
368 1768 24 31 ’s
415 1768 186 32 Elsässisch
617 1768 196 31 Vatterland
838 1768 98 30 hett’r
957 1766 161 32 verrothe.

51 1820 44 32 de
117 1820 116 32 Rose:
264 1822 202 31 Messieurs!
488 1822 32 31 Il
543 1832 22 20 a
588 1823 92 29 trahi
704 1823 34 29 la
763 1822 137 35 France,
930 1831 40 20 sa
988 1820 133 39 patrie!

51 1873 92 32 Lisa
167 1873 177 42 (lachend):
371 1873 42 34 So
438 1874 64 32 viel
529 1874 228 32 Vatterländer
781 1874 90 40 gitt’s
899 1873 35 40 jo
964 1882 59 31 gar
1052 1873 67 30 nit!
