1 1
565 88 40 13 —
654 78 41 28 44
740 89 42 12 —

201 174 83 32 J’tzt
315 173 53 31 leb
392 173 53 31 ich
481 174 30 30 ’n
547 173 70 31 Teil
650 173 54 31 des
727 173 119 33 Jahres
877 173 32 32 in
934 173 191 41 Strassburg
1148 174 53 33 bei

201 227 50 30 dir
274 227 64 31 und
362 227 40 31 de
426 226 117 32 andere
572 225 116 33 Hälfte
718 228 136 30 kommst
885 227 43 31 du
962 236 37 22 ze
1029 227 59 32 mir
1119 228 81 32 nach

201 279 152 41 Leipzig!

133 342 117 32 Fritz
274 341 253 40 Grinsinger
551 340 66 43 (für
641 341 99 40 sich):
767 342 29 33 O
821 342 87 32 weh!

134 405 112 31 Hans
277 404 265 40 Grinsinger:
575 404 73 32 Wir
673 404 208 40 Grinsingers
905 406 128 31 können
1057 415 59 22 uns
1141 406 59 31 das

202 458 130 32 leisten!
371 458 73 31 Wir
469 458 130 32 haben’s
620 458 50 40 ja!
707 459 25 30 ’s
755 459 42 30 ist
820 458 89 32 nicht
933 459 61 31 wie
1017 458 53 33 bei
1094 468 108 23 armen

202 512 137 32 Leuten.
374 512 53 31 Da
450 512 103 31 sitzen
577 512 51 31 die
651 512 225 31 Musikanten!

136 573 228 33 Gauthier:
389 575 111 31 Prost!
527 575 91 39 (Man
643 575 99 31 stösst
766 573 64 42 an.)

135 637 117 32 Hans
278 636 270 41 Grinsinger:
574 638 60 39 Na,
660 647 44 21 un
727 637 57 31 Ihr
807 646 87 23 zwee
911 638 88 31 werd
1015 636 186 33 hoffentlich

203 690 82 32 auch
307 690 76 32 bald
405 690 151 32 Freunde
579 700 99 22 wern.

135 751 228 34 Gauthier:
406 752 54 33 Nu
496 753 176 32 natürlich!
714 753 109 32 Wenn
857 753 52 32 ich
945 762 77 23 eene
1058 753 145 41 Ahnung

201 806 122 40 gehabt
347 807 98 39 hätte,
473 807 73 31 dass
571 806 53 32 Sie
641 806 120 32 Sachse
786 807 81 39 sind,
894 807 40 31 da
957 807 89 31 hätte
1070 807 53 32 ich
1147 806 55 34 Sie

201 860 98 32 schon
323 859 107 40 längst
453 859 33 32 in
511 861 62 30 den
597 859 233 33 Sachsenbund
854 861 127 39 gelotst.

135 922 112 32 Hans
277 921 270 40 Grinsinger:
584 921 106 33 Was?
726 922 68 32 Der
818 921 232 33 Sachsenbund
1073 922 57 32 hat
1153 922 50 32 bis

197 975 85 39 jetzt
305 985 118 22 unsern
445 975 91 33 Fritz
560 976 172 39 ignoriert!
761 993 39 4 —
826 976 68 32 Das
911 976 42 32 ist
970 975 36 40 ja
1025 976 48 32 'ne
1093 975 110 33 Affen-

201 1029 155 31 schande!
382 1029 53 31 Da
457 1029 73 32 hört
554 1030 52 31 die
631 1028 263 34 Gemietlichkeit
917 1028 48 33 uff!

137 1090 234 33 Gauthier:
397 1092 68 31 Das
488 1092 117 31 kann’r
624 1092 37 39 ja
684 1092 79 31 alles
787 1092 82 31 noch
892 1093 59 39 gut
973 1092 142 31 machen.

136 1154 111 31 Hans
273 1153 275 41 Grinsinger:
575 1155 68 31 Das
667 1155 108 33 woll’n
799 1154 57 32 m'r
879 1154 78 32 aber
980 1153 121 33 hoffen!

138 1215 226 33 Gauthier:
402 1218 82 31 Was
518 1227 97 22 unser
643 1218 96 31 Bund
774 1217 177 40 bezweckt,
987 1218 131 31 werden
1149 1216 54 33 Sie

204 1270 85 32 wohl
323 1270 98 32 schon
456 1270 128 32 wissen.
631 1271 69 32 Vor
731 1271 83 31 allen
845 1271 130 40 Dingen
1005 1270 116 32 wollen
1143 1270 60 32 wir

204 1323 300 39 germanisatorisch
533 1324 71 32 hier
634 1324 42 32 im
700 1324 112 32 Lande
836 1324 134 32 wirken.
1018 1323 104 32 Wie’s
1146 1324 58 31 mit

208 1376 57 31 der
301 1375 258 35 Germanisation
582 1378 82 32 noch
699 1378 128 39 hapert,
869 1379 128 31 können
1032 1376 55 34 Sie
1123 1377 80 32 doch

205 1429 171 32 sicherlich
400 1430 81 32 auch
505 1429 192 41 bestätigen.

136 1482 118 31 Fritz
281 1482 270 41 Grinsinger:
584 1484 44 32 Ja
650 1483 133 41 gewiss,
816 1493 34 23 es
879 1484 117 40 hapert
1026 1483 81 32 noch
1130 1483 74 32 sehr

206 1536 107 31 damit.

139 1588 224 33 Gauthier:
399 1589 116 34 Gleich
539 1591 56 31 der
619 1591 175 39 Kutscher,
828 1591 56 32 der
919 1600 59 22 uns
1019 1590 97 31 daher
1150 1599 52 31 ge-

207 1641 112 33 fahren
335 1643 66 40 hat,
426 1643 44 32 ist
494 1644 51 31 ein
560 1644 169 40 Exempel.
769 1644 69 32 Der
854 1644 109 32 freche
979 1644 84 31 Kerl
1079 1643 123 39 spricht

204 1695 97 32 Ihren
341 1697 124 32 Namen
509 1696 199 33 französisch
754 1707 64 23 aus.
890 1696 51 43 (In
984 1693 217 45 Aufregung.)

205 1750 172 30 Monsieur
396 1749 208 42 Grinsingee.
634 1750 43 33 So
696 1751 48 31 'ne
757 1750 316 33 Unverschämtheit!
1096 1749 105 32 Einen

205 1804 110 38 guten,
348 1803 175 32 deutschen
547 1804 123 31 Namen
702 1803 196 31 französisch
927 1802 272 40 auszusprechen
1173 1798 24 48 !

205 1853 78 34 S'ist
306 1865 52 22 um
382 1865 40 23 an
447 1857 61 31 den
530 1857 142 32 Beemen
695 1857 257 32 nufzuklettern
929 1849 28 53 !

138 1908 111 32 Hans
274 1907 269 42 Grinsinger:
569 1909 51 33 Na
636 1919 57 31 reg
706 1910 72 32 d’ch
794 1920 61 22 nur
870 1910 75 32 nich
961 1919 35 23 so
1014 1908 54 41 uff,
1097 1909 100 31 Karl!
