1 1
557 39 41 10 —
649 31 60 28 104
757 45 41 4 —

147 125 72 31 Ein
244 124 181 39 Mitglied
450 125 64 31 des
539 123 336 33 Sachsenbundes:
923 125 165 33 Demnach
1122 130 85 28 wäre

214 178 66 31 also
312 178 56 31 der
397 178 174 31 Präsident
599 188 131 22 unseres
760 179 59 39 gut
850 179 175 31 deutschen
1051 179 158 32 Vereines

214 231 51 32 ein
289 230 204 33 Franzose?!

147 294 72 32 Die
235 294 227 40 Mitglieder
483 295 65 31 des
566 293 321 34 Sachsenbundes
913 293 294 42 (durcheinander):

214 348 69 32 Das
306 348 42 32 ist
369 347 36 40 ja
428 348 162 39 unerhört,
617 349 56 31 das
696 349 43 31 ist
763 349 52 31 ein
839 348 158 33 Skandal!
1046 348 69 32 Das
1139 349 71 31 sind

214 401 191 32 unhaltbare
429 402 180 31 Zustände!

150 463 69 32 Die
242 463 227 40 Mitglieder
494 465 65 30 der
582 464 168 32 Fanfare
776 463 254 41 (schadenfroh):
1064 465 51 43 Ça
1138 466 74 30 c'est

207 518 162 40 fameux!
399 517 83 32 C'est
505 519 131 39 rigolo!

148 579 72 32 Ein
255 580 182 40 Mitglied
474 581 65 31 des
575 579 335 33 Sachsenbundes:
958 581 106 32 Unter
1103 580 109 32 diesen

214 633 200 33 Umständen
426 634 88 31 Herr
528 633 159 33 Gauthier
700 635 76 31 oder
787 635 155 31 vielmehr
951 635 88 31 Herr
1052 633 162 33 Gauthier

216 685 70 42 (mit
309 688 141 31 starkem
475 684 137 45 Accent)
638 712 106 7 ....

150 749 190 33 Gauthier
379 747 241 45 (verzweifelt):
660 750 165 40 Sprechen
856 750 55 33 Sie
942 750 124 32 meinen
1090 750 123 32 Namen

215 803 90 32 nicht
328 803 198 32 französisch
550 804 73 31 aus!
651 828 106 8 ....

148 866 73 32 Ein
260 867 184 39 Mitglied
487 868 65 30 des
599 866 321 34 Sachsenbundes
968 865 244 42 (fortfahrend):

215 919 111 33 Bleibt
349 921 104 31 Ihnen
487 921 106 31 nichts
633 921 134 31 anderes
803 921 89 31 mehr
922 921 95 39 übrig
1048 921 46 31 als
1118 921 97 31 Ihren

216 974 147 32 Austritt
387 984 57 22 aus
470 975 60 31 den
553 975 231 39 patriotischen
809 975 163 31 Vereinen
1003 985 40 21 zu
1069 975 146 31 erklären

216 1028 65 31 und
305 1027 51 32 ihr
371 1028 81 31 Amt
476 1029 47 31 als
541 1029 229 31 Vorsitzender
791 1038 130 22 unseres
938 1029 132 31 Bundes
1094 1029 122 31 nieder-

217 1083 135 39 zulegen
381 1081 157 41 (lebhafte
562 1082 225 40 Zustimmung
810 1082 84 32 beim
918 1081 257 40 Sachsenbund).

151 1144 191 33 Gauthier
366 1143 93 42 (lässt
483 1144 68 33 sich
575 1144 59 32 auf
656 1144 92 32 einen
773 1144 95 33 Stuhl
893 1142 127 43 fallen):
1069 1145 74 32 Nun
1174 1144 43 32 ist

218 1198 78 32 alles
318 1199 165 31 verloren!

151 1261 62 32 Dr.
238 1261 258 40 Kneppchen:
545 1262 86 31 Herr
663 1260 169 40 Gauthier,
857 1261 70 32 sind
952 1260 55 33 Sie
1028 1260 84 40 jetzt
1136 1261 81 32 noch

218 1315 57 32 der
299 1315 149 39 Ansicht,
475 1315 73 32 dass
574 1315 50 31 die
648 1314 241 32 Wissenschaft
914 1314 157 40 Mumpitz
1096 1312 65 33 ist?
1178 1332 38 3 —

153 1368 206 33 Gauthier:
384 1368 69 32 Der
477 1368 115 32 Teufel
617 1368 52 33 hol
694 1369 51 30 die
769 1367 253 33 Wissenschaft!

150 1432 74 31 Ein
248 1431 184 40 Mitglied
457 1431 65 31 der
548 1430 184 32 Fanfare:
777 1431 50 42 Ça
858 1432 73 30 c'est
966 1432 166 30 vraiment
1154 1431 64 40 fa-

219 1486 116 30 meux!
360 1483 191 43 (Gelächter
574 1484 53 32 bei
651 1485 57 31 der
732 1482 164 43 Fanfare)

153 1548 193 39 Auguste:
371 1547 57 31 Ihr
444 1548 106 31 Herre
574 1547 58 31 m’r
656 1546 60 32 soll
740 1546 48 32 nit
812 1546 57 32 mit
885 1545 92 33 Stein
1001 1545 111 40 werfe,
1126 1555 94 22 wenn

219 1603 58 29 m’r
301 1600 143 33 selbscht
466 1601 42 31 im
534 1599 164 34 Glasdach
726 1600 77 32 sitzt
826 1609 65 22 unn
915 1599 48 32 nit
979 1600 101 39 lache,
1098 1599 121 32 wenn’s

219 1653 187 34 Noochbers
430 1654 73 31 Hüs
526 1653 130 33 brennt!

153 1708 72 31 Ein
250 1708 180 39 Mitglied
455 1708 66 31 der
544 1706 180 33 Fanfare:
750 1707 76 32 Wie
849 1707 103 31 meine
977 1705 54 34 Sie
1057 1706 79 32 diss!

154 1762 196 39 Auguste:
397 1760 44 32 Ei
468 1760 62 32 wie
560 1760 54 33 Sie
642 1770 82 30 ganz
753 1769 105 31 genau
890 1760 41 32 im
964 1760 157 32 nämliche
1148 1759 73 31 Fall

220 1814 50 32 sin
294 1814 62 32 wie
382 1814 46 32 d'r
453 1813 209 33 Sachsebund
687 1813 124 41 (grosse
827 1814 134 32 Unruhe
984 1813 53 31 bei
1058 1813 61 31 den
1144 1811 77 32 Mit-

220 1868 145 39 gliedern
382 1868 56 32 der
455 1867 174 42 Fanfare).
654 1867 57 33 Ihr
726 1867 183 41 Präsident,
924 1866 48 32 d'r
984 1867 86 31 Herr
1084 1864 135 34 Rièmer
