1 1
444 103 41 4 —
536 89 35 30 15
623 99 39 18 —

17 182 114 33 Lisa:
157 183 48 32 Er
239 184 123 30 kummt
398 183 105 31 direkt
538 193 65 22 vun
641 182 95 34 Genf.
783 183 49 32 Er
861 185 68 31 isch
960 185 48 31 uff
1036 186 49 32 d’r

82 235 314 33 Friddeskonferenz
419 236 82 49 gsin,
527 237 42 31 wi
593 236 121 42 d’ligue
738 237 38 31 de
800 237 31 31 la
848 237 86 41 paix
958 239 125 40 organi-

82 289 78 32 siert
184 290 79 31 hett.

17 352 117 32 Fritz
168 351 264 41 Grinsinger:
469 351 331 33 Friddeskonferenz!
838 352 108 43 Ligue
979 354 39 32 de
1052 355 32 31 la

75 404 106 42 paix!
202 405 76 32 Wie
302 404 59 33 m’r
385 405 68 32 sich
469 415 125 22 numme
618 406 58 32 mit
699 416 34 23 so
755 405 177 42 einfältige,
959 408 124 32 dumme

81 459 220 39 Lumbedings
326 459 127 41 abgänn
477 460 101 31 kann!

15 522 242 32 Jeannette:
282 522 48 31 Er
346 522 69 32 isch
439 531 81 30 ganz
553 521 65 32 ami
645 521 99 33 mit’m
763 522 169 33 Professor
948 524 136 40 Knepp-

81 575 90 40 chen,
196 575 63 31 wie
283 575 62 32 sini
357 575 142 32 Ansicht
523 576 81 31 teilt.

15 637 118 32 Fritz
159 636 265 41 Grinsinger:
451 638 88 31 Kein
563 638 161 33 Wunder!
750 639 92 32 Zwei
863 638 141 34 Schöüte
1020 644 63 36 gän

81 691 69 32 halt
174 701 17 22 e
214 692 101 31 Paar!
342 709 42 3 —

16 753 114 32 Lisa:
155 754 86 41 Hytt
264 753 98 33 isch'r
385 753 53 33 bie
462 754 49 31 d’r
535 753 316 35 Grossmamme-n-in
875 755 136 33 Kolbse.
1036 756 49 32 Er

81 807 71 32 hett
181 807 106 40 g’saat
311 807 103 32 dass’r
449 816 35 24 so
518 808 166 39 glüeklich
707 808 80 40 isch,
825 809 101 32 dass'r
960 810 125 31 widder

83 861 80 32 emol
188 870 34 23 so
246 861 93 32 recht
361 871 66 22 vun
444 862 109 31 Herze
569 862 259 32 Elsässerditsch
851 862 118 33 babble
986 865 96 30 kann.

15 923 117 32 Fritz
165 922 270 42 Grinsinger:
467 917 251 47 Üewerspannti
752 925 96 32 Plän!
887 925 58 32 Ich
976 925 108 32 redd’s

81 986 82 30 ganz
181 976 82 33 Johr
279 977 268 38 Elsässerditsch,
566 978 73 31 dass
656 978 53 31 ich
726 978 83 33 mich
829 988 120 22 awwer
968 978 116 39 jemols

83 1031 92 31 extra
207 1030 182 41 glüecklich
420 1030 154 33 dodurich
609 1030 128 41 gfüehlt
770 1032 74 40 hab,
882 1032 66 31 diss
983 1033 101 31 könnt

86 1084 10 32 i
120 1084 49 32 nit
192 1084 153 41 bhaupte.

17 1146 114 32 Lisa:
154 1147 62 31 Bie
239 1147 65 32 ihm
328 1147 96 32 isch’s
456 1147 80 33 doch
566 1147 55 32 ebs
656 1147 165 40 andersch,
854 1147 91 32 wie'r
973 1148 109 33 doch’s

83 1209 82 30 ganz
190 1201 82 32 Johr
296 1201 34 31 in
345 1201 93 32 Paris
455 1200 77 32 isch.
565 1201 78 32 Diss
661 1201 141 32 erinnert
820 1201 50 32 ’ne
894 1211 190 22 ewwe-n-an

84 1253 83 32 sinni
190 1254 212 39 Kinderjohr,
426 1254 91 31 wie'r
542 1254 38 32 do
604 1254 42 31 im
678 1254 113 32 Elsass
821 1254 53 33 bie
899 1255 48 31 d’r
972 1254 112 34 Gross-

84 1317 132 22 mamme
239 1307 127 32 verlebt
389 1308 65 31 het.

18 1369 201 32 Ehrstein
244 1370 74 39 (von
342 1370 108 32 rechts
474 1369 196 42 kommend):
696 1370 139 32 Pardon
852 1370 233 33 mademoiselle

86 1422 140 40 Jeanne,
251 1424 53 31 ich
320 1425 64 31 sott
409 1423 60 33 ehb
488 1425 74 31 dass
585 1424 53 32 ich
654 1424 147 40 heimgeh
817 1425 162 31 notwendi
1003 1425 81 33 noch

86 1477 80 32 emol
190 1486 17 23 e
223 1487 79 30 paar
318 1479 89 31 Mess
431 1488 65 21 vun
519 1477 107 33 Ihrem
643 1477 95 41 Kopf
758 1479 216 37 noochmesse,
990 1489 94 23 wenn

87 1529 54 34 Sie
166 1531 106 32 d’rmit
296 1531 206 32 inverstande
527 1531 58 32 sin.

22 1593 241 32 Jeannette:
296 1593 134 33 Awwer
460 1594 169 32 natierlich
657 1594 88 32 Herr
767 1595 164 32 Ehrstein.
978 1596 106 31 Mit’m

86 1647 149 38 gröschte
266 1647 187 39 Vergnüeje
483 1646 97 41 (setzt
614 1648 67 31 sich
713 1647 57 32 auf
799 1648 92 32 einen
917 1648 95 33 Stuhl
1043 1649 41 31 im

89 1698 252 43 Vordergrund).

22 1760 216 34 Ehrstein:
264 1763 58 32 Ich
346 1763 120 32 saa’ne
489 1763 128 33 vielmol
639 1762 99 33 merci
761 1762 101 43 (zieht
885 1765 68 31 sein
978 1763 106 34 Centi-

88 1817 184 30 metermass
298 1826 56 22 aus
379 1817 55 31 der
457 1817 124 32 Tasche
605 1817 65 31 und
687 1817 126 32 schickt
833 1817 69 32 sich
919 1828 40 21 an
975 1819 109 31 Masse

90 1879 39 21 zu
153 1867 158 43 nehmen).

24 1920 114 32 Fritz
164 1921 268 42 Grinsinger:
457 1924 70 31 Zue
551 1925 162 38 verruckt,
739 1933 60 22 zue
822 1924 166 31 verruckt!
