1 1
560 51 40 3 —
649 36 41 29 34
739 51 39 4 —

129 133 117 31 Fritz
286 131 270 40 Grinsinger:
611 132 47 31 Es
704 131 69 32 isch
826 132 181 32 d’Mamsell
1052 132 146 39 Rièmer,

196 186 173 32 d’Tochter
392 195 75 22 vum
489 185 175 31 Präsident
687 194 66 22 vun
778 185 49 31 d’r
851 185 162 40 Fanfare.
1051 186 150 37 (Enttäu-

195 239 123 40 schung
342 238 54 33 bei
419 240 83 30 Lisa
525 239 65 31 und
615 236 196 43 Jeannette.)

128 312 184 32 Madame
338 310 273 40 Grinsinger:
637 310 54 32 Dü
704 306 137 50 kennsch
862 310 47 32 sie
923 311 90 40 doch,
1027 312 176 40 Auguste?

194 384 42 3 —
260 365 78 31 Wie
362 363 97 42 gfallt
483 365 46 31 sie
554 363 70 33 d’r?

125 428 119 32 Fritz
269 427 272 39 Grinsinger:
566 427 52 31 Eh
642 428 117 30 bien?!
782 444 43 4 —

125 491 208 40 Auguste:
358 491 54 39 Ja,
438 499 68 22 was
530 490 60 32 soll
606 489 52 32 ich
684 490 38 31 do
739 499 107 31 saaue,
873 489 51 32 bie
948 489 119 33 minere
1088 500 111 30 grosse

191 543 295 41 Kurzsichtigkeit.
533 544 84 31 Lisa
640 552 65 23 unn
730 545 182 36 Jeannette,
946 543 63 33 wie
1032 543 97 41 gfallt
1152 544 46 32 sie

192 597 110 41 Ejch?
327 615 44 5 —

127 670 118 32 Fritz
270 669 269 41 Grinsinger:
565 670 48 31 Im
630 670 83 31 Lisa
737 679 65 22 unn
818 671 172 30 Jeannette
1010 669 118 33 brücht
1152 670 46 32 sie

193 724 82 32 doch
299 724 49 32 nit
372 733 36 23 ze
432 722 110 42 gfalle,
568 733 95 22 wenn
687 723 46 32 sie
757 733 60 22 nur
842 723 50 32 dir
916 723 105 41 gfallt.

125 787 115 32 Lisa:
266 787 66 32 Mir
354 786 98 40 gfallt
475 786 47 33 sie
546 786 61 33 offe
630 786 137 40 gstande
792 796 61 22 nur
876 795 45 31 so,
946 795 45 31 so,
1017 787 40 39 la,
1082 787 42 32 la.

126 850 244 33 Jeannette:
396 849 70 33 Min
482 849 92 31 Ideal
590 853 69 27 wär
675 849 46 31 sie
745 858 41 22 au
808 849 49 31 nit
876 848 50 33 for
950 849 247 41 de-n-Auguste.

126 913 116 32 Fritz
268 912 266 40 Grinsinger:
571 912 92 33 Jetzt
698 912 59 31 hör
788 912 51 31 ein
869 912 136 32 Mensch
1039 912 39 32 do
1103 921 92 31 anne,

193 967 52 32 ich
269 966 64 32 hab
350 967 57 30 m'r
430 966 87 40 glich
534 966 152 40 gedenkt,
713 966 74 31 dass
811 966 57 31 Ihr
891 966 60 31 mir
967 966 112 32 Dreck
1102 967 95 31 unter

195 1021 40 31 de
259 1020 110 33 Leime
393 1020 110 32 mache
529 1020 101 31 wäre!
672 1020 82 31 Was
778 1019 92 32 han’r
894 1020 84 31 denn
1003 1029 40 22 an
1068 1029 53 22 ere
1145 1023 50 28 üs-

195 1072 149 35 zesetze
318 1068 26 51 ?

128 1137 115 33 Lisa:
269 1138 106 39 Papa,
408 1136 30 32 ei
462 1137 43 31 dü
533 1136 172 32 wurrsch’s
726 1135 35 41 jo
785 1137 115 31 selwer
924 1136 105 38 wisse,
1061 1145 34 23 so
1119 1137 77 39 guet

196 1191 61 31 wie
281 1190 68 40 mir,
375 1190 46 32 sie
445 1189 72 32 hett
536 1189 35 40 jo
596 1199 16 22 e
636 1189 136 32 Buckel.

129 1254 115 32 Fritz
275 1252 268 41 Grinsinger:
581 1252 30 32 E
642 1253 137 40 Buckel,
809 1262 17 23 e
851 1252 140 33 Buckel!
1027 1252 76 32 Wie
1138 1252 60 32 mir

196 1317 61 22 nur
280 1307 88 40 glich
391 1316 33 23 so
442 1306 253 32 üewwertriewe
720 1316 65 22 unn
809 1306 149 41 einfältig
977 1306 99 32 redde
1100 1308 97 30 kann.

197 1362 30 31 E
257 1361 164 31 Büeckele
454 1360 70 32 hett
555 1360 56 40 sie,
643 1370 61 22 nur
736 1369 34 24 so
803 1370 17 22 e
849 1369 83 30 ganz
963 1359 113 40 kleins,
1102 1360 95 39 netts,

197 1415 136 40 winzigs
357 1414 174 32 Büeckele.
572 1414 121 32 D'rzue
716 1413 95 33 isch’s
835 1423 61 22 nur
918 1412 48 33 uff
988 1413 106 33 einere
1111 1412 85 42 Sytt.

131 1479 180 31 Madame
351 1476 269 41 Grinsinger:
660 1477 78 32 Unn
776 1486 35 22 es
850 1476 87 32 steht
961 1485 53 22 ere
1045 1478 45 29 du
1114 1479 84 28 reste

198 1541 82 31 ganz
304 1532 87 38 guet.

131 1594 119 32 Fritz
276 1593 266 40 Grinsinger:
560 1593 77 33 Unn
651 1593 88 32 d’rno
752 1593 58 31 m’r
824 1592 123 32 deckt’s
960 1591 58 32 mit
1030 1591 170 41 Zwanzig-

192 1647 249 31 marikstüeckle
463 1655 69 31 zue,
557 1655 40 23 no
621 1646 85 32 sieht
729 1647 85 31 m’r’s
838 1645 58 32 nit.

132 1709 212 40 Auguste:
370 1708 53 39 So,
448 1708 51 32 so!

131 1771 117 32 Fritz
281 1771 263 40 Grinsinger:
569 1771 110 40 Enfin,
705 1769 141 33 s’bescht
863 1769 76 40 isch,
969 1769 162 41 Auguste,
1157 1769 41 31 dü

198 1825 162 31 nemmsch
395 1823 105 40 Morje
536 1834 55 22 n-e
625 1823 107 32 kleine
767 1823 186 41 Aueschyn,
991 1832 35 23 so
1065 1822 135 33 e-n-Art

201 1877 306 40 Ortsbesichtigung
530 1886 67 23 vor.
