<alto xmlns="http://www.loc.gov/standards/alto/ns-v3#" xmlns:xlink="http://www.w3.org/1999/xlink" xmlns:xsi="http://www.w3.org/2001/XMLSchema-instance" xmlns:xs="http://www.w3.org/2001/XMLSchema" xsi:schemaLocation="http://www.loc.gov/standards/alto/ns-v4# https://www.loc.gov/standards/alto/v4/alto.xsd">
  <Description>
    <MeasurementUnit>pixel</MeasurementUnit>
    <sourceImageInformation>
      <fileName/>
    </sourceImageInformation>
    <OCRProcessing ID="IdOcr">
      <ocrProcessingStep>
        <processingSoftware>
          <softwareName>tesseract 4.1.0</softwareName>
        </processingSoftware>
      </ocrProcessingStep>
    </OCRProcessing>
  </Description>
  <Styles><TextStyle ID="font0" FONTSIZE="36.577972" FONTFAMILY="jbnolc+helvetica-bold" FONTTYPE="sans-serif" FONTWIDTH="proportional" FONTCOLOR="#WWWWff" FONTSTYLE="bold"/><TextStyle ID="font1" FONTSIZE="40.0" FONTFAMILY="jbnolc+helvetica-bold" FONTTYPE="sans-serif" FONTWIDTH="proportional" FONTCOLOR="#WWWWff" FONTSTYLE="bold"/><TextStyle ID="font2" FONTSIZE="41.0" FONTFAMILY="jbnolc+helvetica-bold" FONTTYPE="sans-serif" FONTWIDTH="proportional" FONTCOLOR="#WWWWff" FONTSTYLE="bold"/><TextStyle ID="font3" FONTSIZE="42.0" FONTFAMILY="jbnolc+helvetica-bold" FONTTYPE="sans-serif" FONTWIDTH="proportional" FONTCOLOR="#WWWWff" FONTSTYLE="bold"/><TextStyle ID="font4" FONTSIZE="39.0" FONTFAMILY="jbnolc+helvetica-bold" FONTTYPE="sans-serif" FONTWIDTH="proportional" FONTCOLOR="#WWWWff" FONTSTYLE="bold"/><TextStyle ID="font5" FONTSIZE="43.0" FONTFAMILY="jbnolc+helvetica-bold" FONTTYPE="sans-serif" FONTWIDTH="proportional" FONTCOLOR="#WWWWff" FONTSTYLE="bold"/><TextStyle ID="font6" FONTSIZE="42.300541" FONTFAMILY="jbnolc+helvetica-bold" FONTTYPE="sans-serif" FONTWIDTH="proportional" FONTCOLOR="#WWWWff" FONTSTYLE="bold"/><TextStyle ID="font7" FONTSIZE="40.896168" FONTFAMILY="jbnolc+helvetica-bold" FONTTYPE="sans-serif" FONTWIDTH="proportional" FONTCOLOR="#WWWWff" FONTSTYLE="bold"/><TextStyle ID="font8" FONTSIZE="41.300541" FONTFAMILY="jbnolc+helvetica-bold" FONTTYPE="sans-serif" FONTWIDTH="proportional" FONTCOLOR="#WWWWff" FONTSTYLE="bold"/></Styles><Layout>
    <Page ID="page_1" PHYSICAL_IMG_NR="1" HEIGHT="1" WIDTH="1">
      <PrintSpace HEIGHT="1" WIDTH="1" VPOS="0" HPOS="0">
        <ComposedBlock ID="carea_1_1" HEIGHT="1876" WIDTH="1074" VPOS="82" HPOS="32">
          <TextBlock ID="par_1_1" HEIGHT="29" WIDTH="209" VPOS="82" HPOS="477">
            <TextLine ID="line_1_1" HEIGHT="487" WIDTH="NaN" VPOS="-10" HPOS="0">
              <String ID="word_1_2" CONTENT="&#8212;" HEIGHT="4" WIDTH="37" VPOS="97" HPOS="477" WC="0.55" STYLEREFS="font0"/>
              <String ID="word_1_1" CONTENT="71" HEIGHT="29" WIDTH="43" VPOS="82" HPOS="552" WC="0.04" STYLEREFS="font0"/>
              <String ID="word_1_3" CONTENT="&#8212;" HEIGHT="3" WIDTH="40" VPOS="97" HPOS="646" WC="0.55" STYLEREFS="font0"/>
            </TextLine>
          </TextBlock>
          <TextBlock ID="par_1_2" HEIGHT="148" WIDTH="1001" VPOS="176" HPOS="105">
            <TextLine ID="line_1_2" HEIGHT="112" WIDTH="NaN" VPOS="-7" HPOS="0">
              <String ID="word_1_4" CONTENT="Ihnen" HEIGHT="33" WIDTH="103" VPOS="177" HPOS="105" WC="0.96" STYLEREFS="font1"/>
              <String ID="word_1_5" CONTENT="Ihre" HEIGHT="32" WIDTH="76" VPOS="177" HPOS="231" WC="0.95" STYLEREFS="font1"/>
              <String ID="word_1_6" CONTENT="franz&#246;sische" HEIGHT="33" WIDTH="216" VPOS="176" HPOS="332" WC="0.96" STYLEREFS="font1"/>
              <String ID="word_1_7" CONTENT="Abstammung" HEIGHT="40" WIDTH="237" VPOS="176" HPOS="573" WC="0.96" STYLEREFS="font1"/>
              <String ID="word_1_8" CONTENT="beweisen." HEIGHT="33" WIDTH="173" VPOS="176" HPOS="832" WC="0.94" STYLEREFS="font1"/>
              <String ID="word_1_9" CONTENT="Die" HEIGHT="32" WIDTH="63" VPOS="177" HPOS="1042" WC="0.95" STYLEREFS="font1"/>
            </TextLine>
            <TextLine ID="line_1_3" HEIGHT="112" WIDTH="NaN" VPOS="-7" HPOS="-0.002">
              <String ID="word_1_10" CONTENT="Wissenschaft" HEIGHT="33" WIDTH="241" VPOS="230" HPOS="105" WC="0.96" STYLEREFS="font2"/>
              <String ID="word_1_11" CONTENT="wird" HEIGHT="32" WIDTH="81" VPOS="231" HPOS="376" WC="0.96" STYLEREFS="font2"/>
              <String ID="word_1_12" CONTENT="Ihnen" HEIGHT="32" WIDTH="104" VPOS="230" HPOS="487" WC="0.96" STYLEREFS="font2"/>
              <String ID="word_1_13" CONTENT="diese" HEIGHT="32" WIDTH="87" VPOS="230" HPOS="615" WC="0.96" STYLEREFS="font2"/>
              <String ID="word_1_14" CONTENT="kleine" HEIGHT="32" WIDTH="107" VPOS="230" HPOS="726" WC="0.96" STYLEREFS="font2"/>
              <String ID="word_1_15" CONTENT="Entt&#228;uschung" HEIGHT="40" WIDTH="251" VPOS="230" HPOS="855" WC="0.95" STYLEREFS="font2"/>
            </TextLine>
            <TextLine ID="line_1_4" HEIGHT="113" WIDTH="NaN" VPOS="-7" HPOS="-0.005">
              <String ID="word_1_16" CONTENT="nicht" HEIGHT="33" WIDTH="89" VPOS="284" HPOS="106" WC="0.95" STYLEREFS="font2"/>
              <String ID="word_1_17" CONTENT="ersparen" HEIGHT="31" WIDTH="150" VPOS="293" HPOS="220" WC="0.96" STYLEREFS="font2"/>
              <String ID="word_1_18" CONTENT="k&#246;nnen." HEIGHT="30" WIDTH="138" VPOS="286" HPOS="394" WC="0.95" STYLEREFS="font2"/>
            </TextLine>
          </TextBlock>
          <TextBlock ID="par_1_3" HEIGHT="203" WIDTH="1066" VPOS="345" HPOS="40">
            <TextLine ID="line_1_5" HEIGHT="47" WIDTH="NaN" VPOS="-7" HPOS="-0.002">
              <String ID="word_1_19" CONTENT="Gauthier:" HEIGHT="33" WIDTH="223" VPOS="347" HPOS="40" WC="0.91" STYLEREFS="font2"/>
              <String ID="word_1_20" CONTENT="Wissenschaft!" HEIGHT="33" WIDTH="256" VPOS="345" HPOS="288" WC="0.96" STYLEREFS="font2"/>
              <String ID="word_1_21" CONTENT="Die" HEIGHT="32" WIDTH="62" VPOS="345" HPOS="579" WC="0.96" STYLEREFS="font2"/>
              <String ID="word_1_22" CONTENT="Drohung" HEIGHT="40" WIDTH="158" VPOS="346" HPOS="664" WC="0.96" STYLEREFS="font2"/>
              <String ID="word_1_23" CONTENT="mit" HEIGHT="31" WIDTH="58" VPOS="346" HPOS="845" WC="0.93" STYLEREFS="font2"/>
              <String ID="word_1_24" CONTENT="der" HEIGHT="31" WIDTH="57" VPOS="346" HPOS="931" WC="0.96" STYLEREFS="font2"/>
              <String ID="word_1_25" CONTENT="Sorte" HEIGHT="33" WIDTH="94" VPOS="345" HPOS="1011" WC="0.96" STYLEREFS="font2"/>
            </TextLine>
            <TextLine ID="line_1_6" HEIGHT="111" WIDTH="NaN" VPOS="-7" HPOS="-0.001">
              <String ID="word_1_26" CONTENT="von" HEIGHT="23" WIDTH="63" VPOS="410" HPOS="104" WC="0.96" STYLEREFS="font1"/>
              <String ID="word_1_27" CONTENT="Wissenschaft" HEIGHT="33" WIDTH="241" VPOS="399" HPOS="190" WC="0.96" STYLEREFS="font1"/>
              <String ID="word_1_28" CONTENT="l&#228;sst" HEIGHT="31" WIDTH="80" VPOS="400" HPOS="449" WC="0.96" STYLEREFS="font1"/>
              <String ID="word_1_29" CONTENT="mich" HEIGHT="32" WIDTH="84" VPOS="399" HPOS="563" WC="0.96" STYLEREFS="font1"/>
              <String ID="word_1_30" CONTENT="kalt!" HEIGHT="31" WIDTH="85" VPOS="400" HPOS="669" WC="0.96" STYLEREFS="font1"/>
              <String ID="word_1_31" CONTENT="Wissen" HEIGHT="32" WIDTH="132" VPOS="399" HPOS="791" WC="0.96" STYLEREFS="font1"/>
              <String ID="word_1_32" CONTENT="Sie," HEIGHT="41" WIDTH="64" VPOS="398" HPOS="947" WC="0.96" STYLEREFS="font1"/>
              <String ID="word_1_33" CONTENT="f&#252;r" HEIGHT="32" WIDTH="54" VPOS="399" HPOS="1051" WC="0.96" STYLEREFS="font1"/>
            </TextLine>
            <TextLine ID="line_1_7" HEIGHT="111" WIDTH="NaN" VPOS="-7" HPOS="-0.002">
              <String ID="word_1_34" CONTENT="was" HEIGHT="22" WIDTH="68" VPOS="464" HPOS="104" WC="0.95" STYLEREFS="font3"/>
              <String ID="word_1_35" CONTENT="ich" HEIGHT="32" WIDTH="52" VPOS="454" HPOS="195" WC="0.82" STYLEREFS="font3"/>
              <String ID="word_1_36" CONTENT="Ihre" HEIGHT="32" WIDTH="76" VPOS="453" HPOS="269" WC="0.96" STYLEREFS="font3"/>
              <String ID="word_1_37" CONTENT="Wissenschaft" HEIGHT="33" WIDTH="239" VPOS="452" HPOS="362" WC="0.96" STYLEREFS="font3"/>
              <String ID="word_1_38" CONTENT="halte?" HEIGHT="34" WIDTH="110" VPOS="451" HPOS="623" WC="0.96" STYLEREFS="font3"/>
              <String ID="word_1_39" CONTENT="F&#252;r" HEIGHT="31" WIDTH="66" VPOS="454" HPOS="758" WC="0.93" STYLEREFS="font3"/>
              <String ID="word_1_40" CONTENT="Mumpitz," HEIGHT="40" WIDTH="167" VPOS="453" HPOS="853" WC="0.92" STYLEREFS="font3"/>
              <String ID="word_1_41" CONTENT="f&#252;r" HEIGHT="32" WIDTH="52" VPOS="452" HPOS="1054" WC="0.96" STYLEREFS="font3"/>
            </TextLine>
            <TextLine ID="line_1_8" HEIGHT="114" WIDTH="NaN" VPOS="-9" HPOS="-0.003">
              <String ID="word_1_42" CONTENT="puren" HEIGHT="31" WIDTH="102" VPOS="517" HPOS="105" WC="0.85" STYLEREFS="font2"/>
              <String ID="word_1_43" CONTENT="Mumpitz!" HEIGHT="41" WIDTH="169" VPOS="507" HPOS="229" WC="0.91" STYLEREFS="font2"/>
            </TextLine>
          </TextBlock>
          <TextBlock ID="par_1_4" HEIGHT="96" WIDTH="1066" VPOS="567" HPOS="39">
            <TextLine ID="line_1_9" HEIGHT="48" WIDTH="NaN" VPOS="-9" HPOS="-0.002">
              <String ID="word_1_44" CONTENT="Dr." HEIGHT="32" WIDTH="63" VPOS="570" HPOS="39" WC="0.93" STYLEREFS="font3"/>
              <String ID="word_1_45" CONTENT="Kneppchen" HEIGHT="40" WIDTH="262" VPOS="570" HPOS="128" WC="0.82" STYLEREFS="font3"/>
              <String ID="word_1_46" CONTENT="(knapp):" HEIGHT="44" WIDTH="151" VPOS="567" HPOS="413" WC="0.96" STYLEREFS="font3"/>
              <String ID="word_1_47" CONTENT="So?!" HEIGHT="35" WIDTH="83" VPOS="567" HPOS="580" WC="0.96" STYLEREFS="font3"/>
              <String ID="word_1_48" CONTENT="(Auguste" HEIGHT="44" WIDTH="164" VPOS="567" HPOS="689" WC="0.92" STYLE="italics" STYLEREFS="font3"/>
              <String ID="word_1_49" CONTENT="und" HEIGHT="30" WIDTH="64" VPOS="570" HPOS="869" WC="0.93" STYLEREFS="font3"/>
              <String ID="word_1_50" CONTENT="Ehrstein" HEIGHT="32" WIDTH="156" VPOS="569" HPOS="949" WC="0.86" STYLEREFS="font3"/>
            </TextLine>
            <TextLine ID="line_1_10" HEIGHT="112" WIDTH="NaN" VPOS="-8" HPOS="-0.001">
              <String ID="word_1_51" CONTENT="verraten" HEIGHT="30" WIDTH="149" VPOS="625" HPOS="104" WC="0.96" STYLEREFS="font2"/>
              <String ID="word_1_52" CONTENT="grosse" HEIGHT="31" WIDTH="109" VPOS="632" HPOS="277" WC="0.96" STYLEREFS="font2"/>
              <String ID="word_1_53" CONTENT="Aufregung)" HEIGHT="41" WIDTH="207" VPOS="622" HPOS="411" WC="0.22" STYLEREFS="font2"/>
              <String ID="word_1_54" CONTENT="Ist" HEIGHT="31" WIDTH="49" VPOS="623" HPOS="666" WC="0.94" STYLEREFS="font2"/>
              <String ID="word_1_55" CONTENT="das" HEIGHT="31" WIDTH="57" VPOS="623" HPOS="740" WC="0.96" STYLEREFS="font2"/>
              <String ID="word_1_56" CONTENT="Ihr" HEIGHT="31" WIDTH="57" VPOS="623" HPOS="820" WC="0.96" STYLEREFS="font2"/>
              <String ID="word_1_57" CONTENT="Ernst?" HEIGHT="33" WIDTH="125" VPOS="621" HPOS="900" WC="0.95" STYLEREFS="font2"/>
            </TextLine>
          </TextBlock>
          <TextBlock ID="par_1_5" HEIGHT="149" WIDTH="1065" VPOS="684" HPOS="38">
            <TextLine ID="line_1_11" HEIGHT="46" WIDTH="NaN" VPOS="-8" HPOS="-0.001">
              <String ID="word_1_58" CONTENT="Gauthier:" HEIGHT="33" WIDTH="220" VPOS="685" HPOS="38" WC="0.91" STYLEREFS="font2"/>
              <String ID="word_1_59" CONTENT="Mein" HEIGHT="31" WIDTH="90" VPOS="686" HPOS="283" WC="0.96" STYLEREFS="font2"/>
              <String ID="word_1_60" CONTENT="voller" HEIGHT="31" WIDTH="101" VPOS="686" HPOS="397" WC="0.96" STYLEREFS="font2"/>
              <String ID="word_1_61" CONTENT="Ernst" HEIGHT="31" WIDTH="102" VPOS="686" HPOS="521" WC="0.95" STYLEREFS="font2"/>
              <String ID="word_1_62" CONTENT="ist" HEIGHT="32" WIDTH="45" VPOS="685" HPOS="645" WC="0.96" STYLEREFS="font2"/>
              <String ID="word_1_63" CONTENT="es!" HEIGHT="31" WIDTH="49" VPOS="686" HPOS="714" WC="0.93" STYLEREFS="font2"/>
              <String ID="word_1_64" CONTENT="&#8212;" HEIGHT="3" WIDTH="38" VPOS="703" HPOS="793" WC="0.91" STYLEREFS="font2"/>
              <String ID="word_1_65" CONTENT="f&#252;r" HEIGHT="32" WIDTH="52" VPOS="684" HPOS="863" WC="0.93" STYLEREFS="font2"/>
              <String ID="word_1_66" CONTENT="Mumpitz" HEIGHT="41" WIDTH="158" VPOS="684" HPOS="945" WC="0.91" STYLEREFS="font2"/>
            </TextLine>
            <TextLine ID="line_1_12" HEIGHT="112" WIDTH="NaN" VPOS="-8" HPOS="-0.001">
              <String ID="word_1_67" CONTENT="halte" HEIGHT="31" WIDTH="88" VPOS="740" HPOS="104" WC="0.96" STYLEREFS="font2"/>
              <String ID="word_1_68" CONTENT="ich" HEIGHT="31" WIDTH="52" VPOS="740" HPOS="214" WC="0.96" STYLEREFS="font2"/>
              <String ID="word_1_69" CONTENT="Ihre" HEIGHT="31" WIDTH="75" VPOS="740" HPOS="290" WC="0.96" STYLEREFS="font2"/>
              <String ID="word_1_70" CONTENT="Wissenschaft," HEIGHT="41" WIDTH="249" VPOS="738" HPOS="383" WC="0.96" STYLEREFS="font2"/>
              <String ID="word_1_71" CONTENT="f&#252;r" HEIGHT="32" WIDTH="53" VPOS="738" HPOS="658" WC="0.93" STYLEREFS="font2"/>
              <String ID="word_1_72" CONTENT="Mumpitz!" HEIGHT="41" WIDTH="174" VPOS="738" HPOS="726" WC="0.92" STYLEREFS="font2"/>
              <String ID="word_1_73" CONTENT="Mumpitz!" HEIGHT="40" WIDTH="174" VPOS="738" HPOS="926" WC="0.92" STYLEREFS="font2"/>
            </TextLine>
            <TextLine ID="line_1_13" HEIGHT="113" WIDTH="NaN" VPOS="-8" HPOS="-0.006">
              <String ID="word_1_74" CONTENT="Mumpitz!" HEIGHT="39" WIDTH="174" VPOS="794" HPOS="105" WC="0.9" STYLEREFS="font4"/>
            </TextLine>
          </TextBlock>
          <TextBlock ID="par_1_6" HEIGHT="41" WIDTH="651" VPOS="854" HPOS="37">
            <TextLine ID="line_1_14" HEIGHT="44" WIDTH="NaN" VPOS="-7" HPOS="-0.003">
              <String ID="word_1_75" CONTENT="Fritz" HEIGHT="32" WIDTH="108" VPOS="856" HPOS="37" WC="0.93" STYLEREFS="font2"/>
              <String ID="word_1_76" CONTENT="Grinsinger:" HEIGHT="40" WIDTH="246" VPOS="855" HPOS="171" WC="0.91" STYLEREFS="font2"/>
              <String ID="word_1_77" CONTENT="Adje" HEIGHT="41" WIDTH="90" VPOS="854" HPOS="442" WC="0.91" STYLEREFS="font2"/>
              <String ID="word_1_78" CONTENT="Pardie!" HEIGHT="32" WIDTH="132" VPOS="855" HPOS="556" WC="0.91" STYLEREFS="font2"/>
            </TextLine>
          </TextBlock>
          <TextBlock ID="par_1_7" HEIGHT="203" WIDTH="1066" VPOS="916" HPOS="36">
            <TextLine ID="line_1_15" HEIGHT="46" WIDTH="NaN" VPOS="-10" HPOS="-0.002">
              <String ID="word_1_79" CONTENT="Dr." HEIGHT="32" WIDTH="64" VPOS="918" HPOS="36" WC="0.93" STYLEREFS="font3"/>
              <String ID="word_1_80" CONTENT="Kneppchen" HEIGHT="41" WIDTH="242" VPOS="918" HPOS="126" WC="0.9" STYLEREFS="font3"/>
              <String ID="word_1_81" CONTENT="(f&#246;rmlich" HEIGHT="44" WIDTH="162" VPOS="916" HPOS="397" WC="0.96" STYLEREFS="font3"/>
              <String ID="word_1_82" CONTENT="im" HEIGHT="31" WIDTH="43" VPOS="919" HPOS="586" WC="0.96" STYLEREFS="font3"/>
              <String ID="word_1_83" CONTENT="Gegensatz" HEIGHT="40" WIDTH="184" VPOS="918" HPOS="659" WC="0.96" STYLEREFS="font3"/>
              <String ID="word_1_84" CONTENT="zu" HEIGHT="22" WIDTH="39" VPOS="928" HPOS="869" WC="0.93" STYLEREFS="font3"/>
              <String ID="word_1_85" CONTENT="Gauthier," HEIGHT="41" WIDTH="168" VPOS="916" HPOS="931" WC="0.96" STYLEREFS="font3"/>
            </TextLine>
            <TextLine ID="line_1_16" HEIGHT="113" WIDTH="NaN" VPOS="-9" HPOS="-0.001">
              <String ID="word_1_86" CONTENT="der" HEIGHT="31" WIDTH="56" VPOS="973" HPOS="104" WC="0.96" STYLEREFS="font1"/>
              <String ID="word_1_87" CONTENT="sehr" HEIGHT="32" WIDTH="74" VPOS="972" HPOS="184" WC="0.96" STYLEREFS="font1"/>
              <String ID="word_1_88" CONTENT="aufgeregt" HEIGHT="41" WIDTH="171" VPOS="971" HPOS="282" WC="0.96" STYLEREFS="font1"/>
              <String ID="word_1_89" CONTENT="ist):" HEIGHT="40" WIDTH="71" VPOS="972" HPOS="475" WC="0.96" STYLEREFS="font1"/>
              <String ID="word_1_90" CONTENT="Mein" HEIGHT="32" WIDTH="89" VPOS="972" HPOS="576" WC="0.96" STYLEREFS="font1"/>
              <String ID="word_1_91" CONTENT="Herr," HEIGHT="39" WIDTH="96" VPOS="972" HPOS="689" WC="0.96" STYLEREFS="font1"/>
              <String ID="word_1_92" CONTENT="Ihre" HEIGHT="31" WIDTH="76" VPOS="972" HPOS="809" WC="0.93" STYLEREFS="font1"/>
              <String ID="word_1_93" CONTENT="&#196;usserung" HEIGHT="46" WIDTH="194" VPOS="964" HPOS="908" WC="0.92" STYLEREFS="font1"/>
            </TextLine>
            <TextLine ID="line_1_17" HEIGHT="112" WIDTH="NaN" VPOS="-8" HPOS="-0.002">
              <String ID="word_1_94" CONTENT="k&#246;nnte" HEIGHT="31" WIDTH="120" VPOS="1026" HPOS="104" WC="0.95" STYLEREFS="font1"/>
              <String ID="word_1_95" CONTENT="meine" HEIGHT="31" WIDTH="104" VPOS="1026" HPOS="251" WC="0.96" STYLEREFS="font1"/>
              <String ID="word_1_96" CONTENT="Kollegen" HEIGHT="39" WIDTH="164" VPOS="1026" HPOS="384" WC="0.96" STYLEREFS="font1"/>
              <String ID="word_1_97" CONTENT="und" HEIGHT="31" WIDTH="66" VPOS="1026" HPOS="582" WC="0.96" STYLEREFS="font1"/>
              <String ID="word_1_98" CONTENT="mich" HEIGHT="32" WIDTH="84" VPOS="1025" HPOS="682" WC="0.96" STYLEREFS="font1"/>
              <String ID="word_1_99" CONTENT="beleidigen," HEIGHT="41" WIDTH="193" VPOS="1024" HPOS="788" WC="0.96" STYLEREFS="font1"/>
              <String ID="word_1_100" CONTENT="wenn" HEIGHT="23" WIDTH="94" VPOS="1033" HPOS="1006" WC="0.95" STYLEREFS="font1"/>
            </TextLine>
            <TextLine ID="line_1_18" HEIGHT="112" WIDTH="NaN" VPOS="-8" HPOS="-0.001">
              <String ID="word_1_101" CONTENT="Sie" HEIGHT="33" WIDTH="54" VPOS="1078" HPOS="104" WC="0.96" STYLEREFS="font2"/>
              <String ID="word_1_102" CONTENT="von" HEIGHT="22" WIDTH="64" VPOS="1089" HPOS="181" WC="0.96" STYLEREFS="font2"/>
              <String ID="word_1_103" CONTENT="anderer" HEIGHT="31" WIDTH="136" VPOS="1080" HPOS="269" WC="0.96" STYLEREFS="font2"/>
              <String ID="word_1_104" CONTENT="Seite" HEIGHT="33" WIDTH="89" VPOS="1078" HPOS="429" WC="0.96" STYLEREFS="font2"/>
              <String ID="word_1_105" CONTENT="gefallen" HEIGHT="41" WIDTH="142" VPOS="1078" HPOS="541" WC="0.95" STYLEREFS="font2"/>
              <String ID="word_1_106" CONTENT="w&#228;re." HEIGHT="28" WIDTH="97" VPOS="1083" HPOS="705" WC="0.86" STYLEREFS="font2"/>
            </TextLine>
          </TextBlock>
          <TextBlock ID="par_1_8" HEIGHT="44" WIDTH="869" VPOS="1139" HPOS="36">
            <TextLine ID="line_1_19" HEIGHT="45" WIDTH="NaN" VPOS="-9" HPOS="-0.002">
              <String ID="word_1_107" CONTENT="Gauthier" HEIGHT="33" WIDTH="193" VPOS="1141" HPOS="36" WC="0.91" STYLEREFS="font5"/>
              <String ID="word_1_108" CONTENT="(w&#252;tend):" HEIGHT="43" WIDTH="171" VPOS="1140" HPOS="252" WC="0.96" STYLEREFS="font5"/>
              <String ID="word_1_109" CONTENT="Wie" HEIGHT="32" WIDTH="77" VPOS="1142" HPOS="449" WC="0.96" STYLEREFS="font5"/>
              <String ID="word_1_110" CONTENT="verstehen" HEIGHT="32" WIDTH="172" VPOS="1142" HPOS="550" WC="0.96" STYLEREFS="font5"/>
              <String ID="word_1_111" CONTENT="Sie" HEIGHT="33" WIDTH="55" VPOS="1141" HPOS="747" WC="0.96" STYLEREFS="font5"/>
              <String ID="word_1_112" CONTENT="das?" HEIGHT="34" WIDTH="78" VPOS="1139" HPOS="827" WC="0.96" STYLEREFS="font5"/>
            </TextLine>
          </TextBlock>
          <TextBlock ID="par_1_9" HEIGHT="96" WIDTH="1063" VPOS="1203" HPOS="35">
            <TextLine ID="line_1_20" HEIGHT="43" WIDTH="NaN" VPOS="-8" HPOS="-0.003">
              <String ID="word_1_113" CONTENT="Dr." HEIGHT="32" WIDTH="61" VPOS="1204" HPOS="35" WC="0.93" STYLEREFS="font2"/>
              <String ID="word_1_114" CONTENT="Kneppchen:" HEIGHT="40" WIDTH="261" VPOS="1205" HPOS="122" WC="0.91" STYLEREFS="font2"/>
              <String ID="word_1_115" CONTENT="Ich" HEIGHT="33" WIDTH="59" VPOS="1204" HPOS="419" WC="0.96" STYLEREFS="font2"/>
              <String ID="word_1_116" CONTENT="bedenke," HEIGHT="41" WIDTH="157" VPOS="1204" HPOS="505" WC="0.96" STYLEREFS="font2"/>
              <String ID="word_1_117" CONTENT="dass" HEIGHT="31" WIDTH="73" VPOS="1205" HPOS="692" WC="0.96" STYLEREFS="font2"/>
              <String ID="word_1_118" CONTENT="Ihr" HEIGHT="32" WIDTH="57" VPOS="1204" HPOS="800" WC="0.92" STYLEREFS="font2"/>
              <String ID="word_1_119" CONTENT="Unverstand" HEIGHT="34" WIDTH="208" VPOS="1203" HPOS="890" WC="0.91" STYLEREFS="font2"/>
            </TextLine>
            <TextLine ID="line_1_21" HEIGHT="110" WIDTH="NaN" VPOS="-9" HPOS="-0.002">
              <String ID="word_1_120" CONTENT="und" HEIGHT="31" WIDTH="65" VPOS="1259" HPOS="101" WC="0.96" STYLEREFS="font1"/>
              <String ID="word_1_121" CONTENT="Mangel" HEIGHT="39" WIDTH="132" VPOS="1260" HPOS="189" WC="0.96" STYLEREFS="font1"/>
              <String ID="word_1_122" CONTENT="an" HEIGHT="21" WIDTH="41" VPOS="1269" HPOS="345" WC="0.96" STYLEREFS="font1"/>
              <String ID="word_1_123" CONTENT="Bildung" HEIGHT="39" WIDTH="143" VPOS="1259" HPOS="402" WC="0.96" STYLEREFS="font1"/>
              <String ID="word_1_124" CONTENT="Ihr" HEIGHT="32" WIDTH="57" VPOS="1258" HPOS="567" WC="0.96" STYLEREFS="font1"/>
              <String ID="word_1_125" CONTENT="Verhalten" HEIGHT="32" WIDTH="180" VPOS="1258" HPOS="639" WC="0.96" STYLEREFS="font1"/>
              <String ID="word_1_126" CONTENT="entschuldigen." HEIGHT="40" WIDTH="254" VPOS="1257" HPOS="843" WC="0.96" STYLEREFS="font1"/>
            </TextLine>
          </TextBlock>
          <TextBlock ID="par_1_10" HEIGHT="87" WIDTH="1063" VPOS="1320" HPOS="34">
            <TextLine ID="line_1_22" HEIGHT="45" WIDTH="NaN" VPOS="-11" HPOS="-0.001">
              <String ID="word_1_127" CONTENT="Fritz" HEIGHT="32" WIDTH="107" VPOS="1321" HPOS="34" WC="0.93" STYLEREFS="font5"/>
              <String ID="word_1_128" CONTENT="Grinsinger" HEIGHT="41" WIDTH="230" VPOS="1320" HPOS="167" WC="0.92" STYLEREFS="font5"/>
              <String ID="word_1_129" CONTENT="(f&#252;r" HEIGHT="42" WIDTH="67" VPOS="1320" HPOS="421" WC="0.96" STYLEREFS="font5"/>
              <String ID="word_1_130" CONTENT="sich):" HEIGHT="40" WIDTH="95" VPOS="1321" HPOS="513" WC="0.96" STYLEREFS="font5"/>
              <String ID="word_1_131" CONTENT="&#199;a" HEIGHT="42" WIDTH="49" VPOS="1321" HPOS="633" WC="0.95" STYLE="italics" STYLEREFS="font5"/>
              <String ID="word_1_132" CONTENT="se" HEIGHT="21" WIDTH="35" VPOS="1332" HPOS="693" WC="0.93" STYLE="italics" STYLEREFS="font5"/>
              <String ID="word_1_133" CONTENT="g&#226;te!" HEIGHT="40" WIDTH="99" VPOS="1322" HPOS="742" WC="0.89" STYLE="italics" STYLEREFS="font5"/>
              <String ID="word_1_134" CONTENT="Jetzt" HEIGHT="33" WIDTH="93" VPOS="1321" HPOS="863" WC="0.93" STYLEREFS="font5"/>
              <String ID="word_1_135" CONTENT="kumme" HEIGHT="31" WIDTH="125" VPOS="1321" HPOS="972" WC="0.92" STYLEREFS="font5"/>
            </TextLine>
            <TextLine ID="line_1_23" HEIGHT="104" WIDTH="NaN" VPOS="-2" HPOS="0.004">
              <String ID="word_1_136" CONTENT="die" HEIGHT="31" WIDTH="51" VPOS="1375" HPOS="102" WC="0.93" STYLEREFS="font6"/>
              <String ID="word_1_137" CONTENT="Schwowe" HEIGHT="33" WIDTH="166" VPOS="1374" HPOS="178" WC="0.9" STYLEREFS="font6"/>
              <String ID="word_1_138" CONTENT="hinterenander!" HEIGHT="32" WIDTH="262" VPOS="1375" HPOS="367" WC="0.91" STYLEREFS="font6"/>
            </TextLine>
          </TextBlock>
          <TextBlock ID="par_1_11" HEIGHT="302" WIDTH="1064" VPOS="1435" HPOS="35">
            <TextLine ID="line_1_24" HEIGHT="44" WIDTH="NaN" VPOS="-9" HPOS="-0.001">
              <String ID="word_1_139" CONTENT="Gauthier" HEIGHT="34" WIDTH="195" VPOS="1436" HPOS="35" WC="0.87" STYLEREFS="font3"/>
              <String ID="word_1_140" CONTENT="(der" HEIGHT="42" WIDTH="72" VPOS="1436" HPOS="254" WC="0.96" STYLEREFS="font3"/>
              <String ID="word_1_141" CONTENT="sich" HEIGHT="32" WIDTH="70" VPOS="1437" HPOS="360" WC="0.96" STYLEREFS="font3"/>
              <String ID="word_1_142" CONTENT="zuerst" HEIGHT="30" WIDTH="108" VPOS="1439" HPOS="458" WC="0.96" STYLEREFS="font3"/>
              <String ID="word_1_143" CONTENT="nicht" HEIGHT="33" WIDTH="91" VPOS="1437" HPOS="593" WC="0.96" STYLEREFS="font3"/>
              <String ID="word_1_144" CONTENT="fassen" HEIGHT="32" WIDTH="107" VPOS="1437" HPOS="719" WC="0.96" STYLEREFS="font3"/>
              <String ID="word_1_145" CONTENT="kann):" HEIGHT="42" WIDTH="115" VPOS="1435" HPOS="854" WC="0.96" STYLEREFS="font3"/>
              <String ID="word_1_146" CONTENT="Mein" HEIGHT="31" WIDTH="90" VPOS="1437" HPOS="1009" WC="0.96" STYLEREFS="font3"/>
            </TextLine>
            <TextLine ID="line_1_25" HEIGHT="100" WIDTH="NaN" VPOS="-1" HPOS="-0.001">
              <String ID="word_1_147" CONTENT="Herr!" HEIGHT="32" WIDTH="101" VPOS="1491" HPOS="99" WC="0.93" STYLEREFS="font7"/>
              <String ID="word_1_148" CONTENT="&#8212;" HEIGHT="3" WIDTH="38" VPOS="1509" HPOS="240" WC="0.91" STYLEREFS="font7"/>
              <String ID="word_1_149" CONTENT="Auf" HEIGHT="32" WIDTH="75" VPOS="1491" HPOS="313" WC="0.96" STYLEREFS="font7"/>
              <String ID="word_1_150" CONTENT="Ihre" HEIGHT="32" WIDTH="75" VPOS="1491" HPOS="423" WC="0.93" STYLEREFS="font7"/>
              <String ID="word_1_151" CONTENT="Unversch&#228;mtheiten" HEIGHT="33" WIDTH="347" VPOS="1491" HPOS="536" WC="0.91" STYLEREFS="font7"/>
              <String ID="word_1_152" CONTENT="kann" HEIGHT="30" WIDTH="85" VPOS="1492" HPOS="923" WC="0.9" STYLEREFS="font7"/>
              <String ID="word_1_153" CONTENT="ich" HEIGHT="31" WIDTH="52" VPOS="1491" HPOS="1046" WC="0.96" STYLEREFS="font7"/>
            </TextLine>
            <TextLine ID="line_1_26" HEIGHT="108" WIDTH="NaN" VPOS="-9" HPOS="-0.001">
              <String ID="word_1_154" CONTENT="Ihnen" HEIGHT="32" WIDTH="103" VPOS="1544" HPOS="99" WC="0.96" STYLEREFS="font2"/>
              <String ID="word_1_155" CONTENT="nur" HEIGHT="22" WIDTH="61" VPOS="1554" HPOS="230" WC="0.93" STYLEREFS="font2"/>
              <String ID="word_1_156" CONTENT="erwidern," HEIGHT="40" WIDTH="167" VPOS="1545" HPOS="326" WC="0.91" STYLEREFS="font2"/>
              <String ID="word_1_157" CONTENT="dass" HEIGHT="31" WIDTH="74" VPOS="1545" HPOS="530" WC="0.96" STYLEREFS="font2"/>
              <String ID="word_1_158" CONTENT="mir" HEIGHT="31" WIDTH="59" VPOS="1545" HPOS="633" WC="0.96" STYLEREFS="font2"/>
              <String ID="word_1_159" CONTENT="meine" HEIGHT="31" WIDTH="103" VPOS="1545" HPOS="726" WC="0.96" STYLEREFS="font2"/>
              <String ID="word_1_160" CONTENT="Bildung" HEIGHT="40" WIDTH="142" VPOS="1544" HPOS="858" WC="0.96" STYLEREFS="font2"/>
              <String ID="word_1_161" CONTENT="und" HEIGHT="31" WIDTH="65" VPOS="1544" HPOS="1034" WC="0.96" STYLEREFS="font2"/>
            </TextLine>
            <TextLine ID="line_1_27" HEIGHT="100" WIDTH="NaN" VPOS="0" HPOS="-0.001">
              <String ID="word_1_162" CONTENT="mein" HEIGHT="32" WIDTH="85" VPOS="1598" HPOS="100" WC="0.96" STYLEREFS="font7"/>
              <String ID="word_1_163" CONTENT="Verstand" HEIGHT="31" WIDTH="166" VPOS="1599" HPOS="208" WC="0.96" STYLEREFS="font7"/>
              <String ID="word_1_164" CONTENT="lieber" HEIGHT="32" WIDTH="101" VPOS="1598" HPOS="396" WC="0.96" STYLEREFS="font7"/>
              <String ID="word_1_165" CONTENT="sind" HEIGHT="32" WIDTH="72" VPOS="1598" HPOS="521" WC="0.96" STYLEREFS="font7"/>
              <String ID="word_1_166" CONTENT="als" HEIGHT="31" WIDTH="47" VPOS="1599" HPOS="617" WC="0.96" STYLEREFS="font7"/>
              <String ID="word_1_167" CONTENT="Ihre" HEIGHT="32" WIDTH="76" VPOS="1598" HPOS="679" WC="0.96" STYLEREFS="font7"/>
              <String ID="word_1_168" CONTENT="verr&#252;ckten" HEIGHT="31" WIDTH="195" VPOS="1599" HPOS="771" WC="0.93" STYLEREFS="font7"/>
              <String ID="word_1_169" CONTENT="Unter-" HEIGHT="33" WIDTH="118" VPOS="1597" HPOS="981" WC="0.9" STYLEREFS="font7"/>
            </TextLine>
            <TextLine ID="line_1_28" HEIGHT="111" WIDTH="NaN" VPOS="-10" HPOS="-0.001">
              <String ID="word_1_170" CONTENT="suchungen!" HEIGHT="40" WIDTH="201" VPOS="1651" HPOS="101" WC="0.96" STYLEREFS="font1"/>
              <String ID="word_1_171" CONTENT="(geht" HEIGHT="41" WIDTH="93" VPOS="1652" HPOS="321" WC="0.94" STYLEREFS="font1"/>
              <String ID="word_1_172" CONTENT="der" HEIGHT="31" WIDTH="57" VPOS="1652" HPOS="431" WC="0.96" STYLEREFS="font1"/>
              <String ID="word_1_173" CONTENT="T&#252;re" HEIGHT="30" WIDTH="84" VPOS="1653" HPOS="505" WC="0.96" STYLEREFS="font1"/>
              <String ID="word_1_174" CONTENT="zu)" HEIGHT="40" WIDTH="51" VPOS="1651" HPOS="607" WC="0.96" STYLEREFS="font1"/>
              <String ID="word_1_175" CONTENT="Mein" HEIGHT="31" WIDTH="90" VPOS="1652" HPOS="676" WC="0.96" STYLEREFS="font1"/>
              <String ID="word_1_176" CONTENT="Herr," HEIGHT="39" WIDTH="94" VPOS="1652" HPOS="784" WC="0.96" STYLEREFS="font1"/>
              <String ID="word_1_177" CONTENT="Sie" HEIGHT="33" WIDTH="55" VPOS="1650" HPOS="897" WC="0.96" STYLEREFS="font1"/>
              <String ID="word_1_178" CONTENT="werden" HEIGHT="31" WIDTH="131" VPOS="1651" HPOS="968" WC="0.96" STYLEREFS="font1"/>
            </TextLine>
            <TextLine ID="line_1_29" HEIGHT="100" WIDTH="NaN" VPOS="-1" HPOS="-0.002">
              <String ID="word_1_179" CONTENT="noch" HEIGHT="32" WIDTH="82" VPOS="1705" HPOS="99" WC="0.95" STYLEREFS="font7"/>
              <String ID="word_1_180" CONTENT="N&#228;heres" HEIGHT="32" WIDTH="146" VPOS="1704" HPOS="205" WC="0.96" STYLEREFS="font7"/>
              <String ID="word_1_181" CONTENT="von" HEIGHT="23" WIDTH="63" VPOS="1714" HPOS="374" WC="0.96" STYLEREFS="font7"/>
              <String ID="word_1_182" CONTENT="mir" HEIGHT="31" WIDTH="60" VPOS="1705" HPOS="460" WC="0.96" STYLEREFS="font7"/>
              <String ID="word_1_183" CONTENT="h&#246;ren!" HEIGHT="31" WIDTH="114" VPOS="1705" HPOS="544" WC="0.96" STYLEREFS="font7"/>
            </TextLine>
          </TextBlock>
          <TextBlock ID="par_1_12" HEIGHT="88" WIDTH="1066" VPOS="1755" HPOS="33">
            <TextLine ID="line_1_30" HEIGHT="42" WIDTH="NaN" VPOS="-9" HPOS="-0.001">
              <String ID="word_1_184" CONTENT="Hans" HEIGHT="32" WIDTH="106" VPOS="1757" HPOS="33" WC="0.93" STYLEREFS="font5"/>
              <String ID="word_1_185" CONTENT="Grinsinger" HEIGHT="41" WIDTH="231" VPOS="1757" HPOS="175" WC="0.9" STYLEREFS="font5"/>
              <String ID="word_1_186" CONTENT="(vertritt" HEIGHT="40" WIDTH="141" VPOS="1758" HPOS="444" WC="0.96" STYLEREFS="font5"/>
              <String ID="word_1_187" CONTENT="ihm" HEIGHT="31" WIDTH="64" VPOS="1758" HPOS="615" WC="0.86" STYLEREFS="font5"/>
              <String ID="word_1_188" CONTENT="den" HEIGHT="31" WIDTH="62" VPOS="1758" HPOS="716" WC="0.96" STYLEREFS="font5"/>
              <String ID="word_1_189" CONTENT="Weg):" HEIGHT="42" WIDTH="114" VPOS="1755" HPOS="800" WC="0.95" STYLEREFS="font5"/>
              <String ID="word_1_190" CONTENT="Na," HEIGHT="41" WIDTH="60" VPOS="1756" HPOS="962" WC="0.95" STYLEREFS="font5"/>
              <String ID="word_1_191" CONTENT="de" HEIGHT="31" WIDTH="38" VPOS="1757" HPOS="1061" WC="0.96" STYLEREFS="font5"/>
            </TextLine>
            <TextLine ID="line_1_31" HEIGHT="100" WIDTH="NaN" VPOS="-1" HPOS="0.003">
              <String ID="word_1_192" CONTENT="werst" HEIGHT="32" WIDTH="99" VPOS="1811" HPOS="99" WC="0.92" STYLEREFS="font8"/>
              <String ID="word_1_193" CONTENT="doch" HEIGHT="32" WIDTH="82" VPOS="1811" HPOS="221" WC="0.96" STYLEREFS="font8"/>
              <String ID="word_1_194" CONTENT="nich!" HEIGHT="32" WIDTH="87" VPOS="1811" HPOS="325" WC="0.96" STYLEREFS="font8"/>
            </TextLine>
          </TextBlock>
          <TextBlock ID="par_1_13" HEIGHT="97" WIDTH="1062" VPOS="1861" HPOS="32">
            <TextLine ID="line_1_32" HEIGHT="44" WIDTH="NaN" VPOS="-12" HPOS="0">
              <String ID="word_1_195" CONTENT="Dr." HEIGHT="31" WIDTH="61" VPOS="1864" HPOS="32" WC="0.93" STYLEREFS="font5"/>
              <String ID="word_1_196" CONTENT="Kneppchen" HEIGHT="40" WIDTH="238" VPOS="1864" HPOS="120" WC="0.86" STYLEREFS="font5"/>
              <String ID="word_1_197" CONTENT="(gemessen):" HEIGHT="46" WIDTH="203" VPOS="1861" HPOS="383" WC="0.96" STYLEREFS="font5"/>
              <String ID="word_1_198" CONTENT="Ich" HEIGHT="33" WIDTH="59" VPOS="1864" HPOS="633" WC="0.95" STYLEREFS="font5"/>
              <String ID="word_1_199" CONTENT="stehe" HEIGHT="33" WIDTH="91" VPOS="1864" HPOS="720" WC="0.95" STYLEREFS="font5"/>
              <String ID="word_1_200" CONTENT="zu" HEIGHT="22" WIDTH="40" VPOS="1874" HPOS="835" WC="0.96" STYLEREFS="font5"/>
              <String ID="word_1_201" CONTENT="Ihrer" HEIGHT="31" WIDTH="92" VPOS="1864" HPOS="899" WC="0.93" STYLEREFS="font5"/>
              <String ID="word_1_202" CONTENT="Ver-" HEIGHT="31" WIDTH="79" VPOS="1864" HPOS="1015" WC="0.92" STYLEREFS="font5"/>
            </TextLine>
            <TextLine ID="line_1_33" HEIGHT="109" WIDTH="NaN" VPOS="-10" HPOS="0.007">
              <String ID="word_1_203" CONTENT="f&#252;gung." HEIGHT="42" WIDTH="134" VPOS="1916" HPOS="99" WC="0.91" STYLEREFS="font2"/>
            </TextLine>
          </TextBlock>
        </ComposedBlock>
      </PrintSpace>
    </Page>
  </Layout>
</alto>
