1 1
592 21 45 33 —
675 6 51 56 80
762 35 43 12 —

166 123 45 30 de
235 122 123 31 Rose:
385 118 160 39 (verneigt
569 117 68 31 sich
661 126 58 23 vor
742 117 82 30 Lisa
849 115 63 31 und
933 114 184 41 Jeannette)
1141 116 83 31 Mes-

232 174 211 35 demoiselles,
469 171 21 31 à
514 174 65 28 tout
604 170 22 31 à
650 170 141 31 l'heure!
816 168 108 39 (Folgt
941 168 161 32 Madame
1128 168 100 32 Grin-

230 228 120 39 singer
372 225 83 32 nach
479 222 132 41 rechts.)

166 299 173 31 Madame
364 296 232 38 Grinsinger
626 293 54 42 (an
705 294 56 31 der
789 294 85 30 Türe
906 293 112 31 stehen
1049 292 176 40 bleibend):

233 353 129 34 Passez,
393 350 169 31 monsieur
587 350 28 28 le
638 350 114 29 baron.

169 415 45 31 de
238 414 122 31 Rose:
387 410 110 42 Après
521 421 87 26 vous,
633 412 168 29 madame.
821 407 182 40 (Madame
1029 407 198 41 Grinsinger

236 467 50 39 ab,
311 468 40 29 de
374 467 85 30 Rose
481 464 51 31 ihr
555 464 108 39 nach.)

168 539 108 31 Fritz
302 536 231 39 Grinsinger
562 534 81 41 (sich
667 535 51 31 die
742 534 118 32 Hände
885 531 163 42 reibend):
1083 532 80 33 Gott
1187 533 41 34 sei

236 591 106 39 Dank,
370 590 73 31 dass
469 590 25 30 ’r
518 589 39 32 do
581 588 78 32 isch.
685 588 94 30 Alles
803 587 68 31 isch
896 586 49 32 bis
967 586 84 40 jetzt
1075 586 82 39 glatt
1181 585 47 32 ab-

236 643 124 41 geloffe,
378 643 51 31 bis
445 641 48 32 uff
508 652 16 21 e
541 651 79 30 paar
637 640 181 32 französchi
835 640 127 39 Fehler,
984 640 61 31 wie
1064 639 167 36 d’Mamme

236 697 149 40 gemacht
408 696 79 31 hett.

171 761 115 31 Lisa:
311 759 58 32 Ich
393 758 83 31 mein
499 759 58 30 m’r
582 759 84 30 sotte
691 756 121 39 mache,
838 756 72 32 dass
933 758 57 29 m’r
1006 765 40 22 an
1064 755 164 31 d’Isebahn

239 813 91 31 fahre
359 812 89 31 thäte
473 812 38 30 de
541 811 148 36 Charles,
721 810 122 39 pardon
869 810 38 30 de
938 810 149 39 Auguste
1112 808 115 40 abhole,

238 867 62 30 wie
323 865 98 32 mit'm
448 864 215 40 Achtührzug
685 867 38 28 üs
750 862 46 32 d'r
821 862 94 32 Stadt
939 864 131 30 kummt.

172 929 106 32 Fritz
304 928 248 39 Grinsinger:
578 927 54 39 Ja,
650 936 65 21 unn
732 925 186 32 saaue-n-im
938 924 172 40 Kütscher,
1130 925 99 31 dass'r

240 992 16 22 e
280 981 62 32 bisl
366 981 71 32 flott
462 980 90 32 fahre
576 980 69 40 soll,
671 978 48 33 for
737 979 112 32 dass'r
867 979 38 32 do
923 979 58 39 sin,
1007 988 93 21 wenn
1119 978 109 31 d’Fan-

232 1036 85 39 fare
341 1036 131 30 kummt.

172 1098 117 31 Lisa:
321 1097 64 33 Oui
405 1098 113 40 papa!

174 1152 226 32 Jeannette:
433 1150 54 31 Au
511 1152 110 29 revoir
640 1150 114 39 papa!
784 1149 76 41 (Mit
883 1149 78 31 Lisa
986 1149 56 30 der
1064 1148 85 31 Türe
1173 1144 57 42 zu.)

174 1213 99 32 Lisa
296 1212 55 42 (an
375 1213 57 31 der
461 1213 66 31 Tür
558 1212 53 31 für
641 1210 101 41 sich):
779 1212 47 31 Er
849 1211 91 31 wurd
976 1210 69 32 sich
1075 1210 153 37 wundere,

243 1267 123 31 wenn’r
396 1266 84 31 sieht
503 1266 85 31 welli
614 1264 200 33 Gsellschaft
837 1266 58 30 m'r
918 1264 57 31 mit
1005 1263 112 40 bringe
1140 1267 88 27 wäre.

242 1319 115 41 (Beide
381 1317 64 43 ab.)

175 1382 108 32 Fritz
309 1381 246 40 Grinsinger:
587 1381 79 31 Tout
689 1391 41 21 va
747 1381 90 32 bien!
865 1381 78 30 Tout
960 1390 40 21 va
1017 1380 90 31 bien!
1134 1378 94 32 Grin-

242 1437 126 39 singer,
386 1436 38 39 je
447 1436 71 30 suis
541 1438 125 27 content
689 1437 40 28 de
751 1435 64 30 toi!
833 1434 100 40 (zieht
956 1433 88 31 seine
1067 1432 90 32 Rede
1179 1433 50 28 aus

244 1489 57 31 der
324 1486 136 41 Tasche)
491 1488 52 31 ich
567 1488 66 31 will
659 1488 80 31 doch
762 1488 81 31 noch
869 1487 79 31 emol
972 1486 165 40 gschwind
1161 1482 68 34 mini

244 1543 91 31 Redd
373 1542 176 39 durchlese,
586 1542 49 31 nit
670 1542 73 30 dass
774 1542 10 30 i
815 1542 110 37 Angst
959 1540 72 31 hätt
1066 1547 161 23 awwer...

245 1594 109 41 (Stellt
378 1596 67 31 sich
469 1595 33 31 in
526 1592 140 44 Positur)
698 1595 201 31 Messieurs!
934 1593 103 31 Chers
1060 1592 106 32 amis!
1195 1590 35 31 Je

244 1660 40 19 ne
321 1650 212 29 m’attendais
568 1650 165 29 vraiment
766 1658 69 29 pas
868 1647 22 31 à
928 1650 69 28 tant
1031 1642 198 34 d’honneur!

245 1703 169 30 L'ovation
449 1712 59 29 que
543 1712 78 20 vous
654 1712 94 20 venez
771 1703 40 29 de
833 1711 53 21 me
912 1702 99 39 faire
1040 1700 92 30 m’est
1154 1694 76 34 allée

245 1756 88 30 droit
364 1766 45 20 au
438 1756 106 30 cœur!
579 1753 81 42 (sich
684 1753 269 40 unterbrechend)
989 1753 130 30 Bravo!
1158 1748 96 33 Cela

245 1819 100 21 sonne
368 1810 80 35 bien,
475 1808 65 31 diss
565 1807 104 40 klingt
693 1807 109 40 famos,
827 1808 73 30 c'est
924 1808 157 38 ronflant,
1107 1805 23 30 's
1146 1792 108 42 wurd

246 1862 78 39 guet
347 1861 122 31 wirike.
