1 1
389 265 80 47 III.
503 264 203 61 Aufzug.

121 354 221 35 Empfangshalle
362 354 34 27 im
416 354 162 27 Landhause
600 354 187 35 Grinsingers.
820 355 101 27 Rechts
940 357 54 25 und
1013 356 71 27 links

16 401 99 27 Türen.
151 400 107 26 Hinten
281 399 28 27 in
328 400 46 26 der
399 399 85 27 Mitte
503 407 91 25 grosse
620 399 202 27 offenstehende
842 400 167 34 Doppeltüre
1035 401 49 27 mit

16 444 129 28 Ausblick
163 444 29 26 in
211 445 52 25 den
283 444 112 26 Garten.
415 444 53 26 Die
483 443 82 27 Halle
578 444 36 26 ist
632 446 51 31 gut
696 444 122 27 möbliert
838 446 55 25 und
906 446 49 25 mit
967 446 116 27 Blumen

15 491 52 26 und
87 489 129 27 Kränzen
235 488 182 35 geschmückt.
437 488 102 28 Rechts
558 489 38 26 ist
615 489 42 26 ein
677 489 95 26 Büffet
789 489 50 27 mit
858 489 91 27 kalten
970 489 113 35 Speisen

15 534 166 34 aufgestellt.
220 533 53 27 Am
294 534 92 26 Boden
406 534 91 26 Körbe
517 534 55 25 und
591 534 132 26 Eiskübel
742 534 50 26 mit
811 533 76 27 Sekt.
926 534 91 27 Wenn
1036 536 48 25 der

15 578 129 34 Vorhang
163 578 27 27 in
219 578 42 27 die
284 578 79 27 Höhe
392 578 74 34 geht,
495 578 37 27 ist
551 578 32 26 de
602 579 70 26 Rose
690 578 27 27 in
747 579 42 26 ein
818 578 109 35 eifriges
947 579 137 34 Gespräch

15 624 48 26 mit
81 624 75 26 Fritz
178 623 166 34 Grinsinger
362 623 55 26 und
436 622 88 28 seiner
542 623 73 26 Frau
633 623 167 27 verwickelt.
837 624 69 26 Lisa
925 626 55 24 und
999 624 85 27 Jean-

15 670 71 25 nette
104 668 91 27 halten
214 667 55 27 sich
294 668 44 26 ein
357 668 90 33 wenig
465 668 107 26 abseits.
610 668 45 26 De
673 668 71 26 Rose
768 668 37 26 ist
830 668 59 27 eine
909 669 175 33 jugendliche

16 713 192 34 Erscheinung,
235 720 28 18 er
289 714 76 32 trägt
390 711 295 34 Automobilkleidung.
723 712 75 26 Fritz
821 713 166 34 Grinsinger
1009 714 76 33 trägt

17 758 45 26 das
80 757 149 27 violettene
249 755 244 28 Ordensbändchen
512 757 34 26 im
566 756 161 35 Knopfloch.

17 847 45 32 de
84 847 225 32 Rose:...
347 847 43 32 Et
420 850 89 29 votre
538 846 95 33 santé
666 848 186 31 madame?
890 849 88 30 Vous
1001 850 83 29 allez

82 902 111 30 mieux
205 901 234 31 maintenant?
471 901 97 31 Votre
579 902 94 30 mari
688 902 71 31 m'a
775 902 49 31 dit
839 912 61 30 que
914 912 80 21 vous
1010 912 75 21 avez

86 954 46 32 été
154 965 46 21 un
220 965 66 30 peu
308 955 189 41 souffrante
520 964 52 22 ces
594 958 106 37 temps
723 956 161 31 derniers.

17 1008 182 31 Madame
224 1007 274 40 Grinsinger:
541 1008 27 32 O
591 1009 115 36 merci,
740 1018 38 30 ça
802 1018 43 21 va
866 1010 40 29 de
935 1018 149 22 nouveau

83 1063 119 30 mieux.
228 1062 46 30 Le
297 1060 147 32 médecin
468 1062 69 30 n'a
554 1060 73 41 fait
649 1062 112 31 suivre
790 1072 47 20 un
866 1060 167 42 régiment
1055 1065 29 28 et

78 1117 150 38 prendre
256 1117 56 29 des
335 1115 243 41 fortifications
608 1118 28 28 et
659 1116 210 30 maintenant
890 1116 39 40 je
951 1116 71 31 suis
1045 1117 40 30 de

83 1179 149 21 nouveau
254 1169 247 40 complétement
523 1167 139 42 guérite.

19 1222 114 32 Fritz
157 1221 256 40 Grinsinger
436 1220 121 43 (macht
581 1222 70 32 eine
675 1221 221 33 verzweifelte
922 1222 160 33 Geberde.

86 1275 64 40 (für
173 1273 99 43 sich):
302 1275 154 33 Guérite!
479 1274 54 43 (zu
555 1278 40 29 de
618 1273 108 42 Rose).
753 1276 93 32 Nous
869 1278 116 30 avions
1006 1275 78 42 déjà

80 1340 88 29 peur
190 1339 60 30 que
273 1340 80 21 vous
375 1341 40 19 ne
438 1330 164 31 viendriez
620 1340 76 29 pas,
724 1331 169 30 monsieur
917 1332 29 29 le
968 1332 114 30 baron.

20 1382 180 32 Madame
226 1383 271 39 Grinsinger:
528 1382 67 32 Oui
609 1384 40 40 je
665 1385 90 30 disai
770 1394 128 21 comme
913 1394 39 30 ça
968 1383 22 31 à
1006 1394 78 21 mon

84 1438 140 36 homme,
250 1438 171 30 monsieur
444 1438 29 30 le
496 1438 105 30 baron
624 1447 40 21 ne
687 1438 85 30 vient
790 1447 76 30 pas.

22 1489 44 32 de
88 1490 122 32 Rose:
251 1489 172 33 Comment
445 1492 90 35 donc,
565 1492 167 36 madame,
757 1491 135 40 jamais
915 1492 39 30 de
978 1492 35 30 la
1035 1491 50 31 vie

78 1544 154 40 j'aurais
254 1545 97 30 voulu
382 1554 166 30 manquer
570 1545 174 31 l'occasion
761 1546 52 29 de
829 1545 98 40 faire
950 1546 35 29 la
1008 1554 76 21 con-

86 1598 174 31 naissance
283 1600 39 29 de
345 1600 76 29 cette
443 1599 158 30 vaillante
623 1597 116 32 société
761 1599 197 30 alsacienne.

22 1649 114 33 Fritz
154 1650 269 40 Grinsinger:
448 1651 102 41 Enfin
566 1661 79 21 vous
661 1661 75 21 avez
752 1654 65 28 tout
834 1651 81 40 juste
934 1653 29 29 le
979 1654 105 37 temps

87 1706 39 29 de
141 1705 99 40 faire
269 1715 45 20 un
338 1715 68 30 peu
427 1707 41 29 de
490 1706 138 36 toilette;
657 1705 26 31 il
702 1706 138 39 faudra
869 1705 108 30 même
1005 1714 80 21 vous

83 1768 146 30 presser.

25 1808 168 35 Madame
219 1810 245 41 Grinsinger:
490 1812 40 31 Je
553 1811 89 32 m’en
664 1822 42 21 va
729 1822 79 21 vous
831 1814 150 28 montrer
995 1813 89 28 votre

87 1865 164 30 chambre.
278 1862 140 42 (wendet
442 1864 68 33 sich
533 1864 82 32 nach
635 1861 129 45 rechts.)
