1 1
586 61 42 5 —
675 47 42 30 84
764 61 41 5 —

166 143 114 33 Jean:
315 142 45 32 Ja
383 141 102 33 Herr!
523 140 98 42 (Jean
653 143 64 31 und
747 142 104 32 Marie
882 141 160 41 beginnen
1072 142 58 32 mit
1160 143 70 32 dem

234 189 117 39 Öffnen
375 196 56 31 der
456 194 247 42 Sektflaschen.)

164 259 108 32 Fritz
308 258 234 39 Grinsinger
578 257 66 34 (für
679 258 101 37 sich):
817 258 68 32 Der
919 258 309 40 Nundediesanfang

226 321 66 23 vun
311 312 48 31 d'r
378 311 109 32 Redd!
508 310 71 43 (mit
601 311 204 40 gedämpfter
821 310 132 34 Stimme
972 311 252 41 deklamierend)

227 366 202 32 Messieurs!
458 364 104 33 Chers
584 367 108 29 amis!
712 366 41 31 Je
776 376 41 20 ne
833 366 213 31 m’attendais
1061 367 167 30 vraiment

223 430 68 31 pas
314 418 22 32 à
360 422 71 28 tant
454 419 203 31 d'honneur!

160 483 44 31 de
229 483 101 31 Rose
360 480 121 42 (hastig
504 491 64 22 von
591 481 118 39 rechts,
735 481 64 31 ihm
827 482 82 31 nach
938 483 159 30 madame
1122 481 104 32 Grin-

225 536 148 40 singer):
412 535 162 31 Madame
612 536 85 30 vient
735 537 40 29 de
814 536 240 40 m’apprendre
1091 546 61 30 que
1191 537 34 30 la

225 589 152 39 Fanfare
399 590 123 30 arrive.

157 651 106 32 Fritz
290 650 246 40 Grinsinger:
557 650 115 32 Oui on
681 652 139 30 l'entend
832 653 38 29 de
884 652 68 30 loin
964 653 85 30 dans
1058 653 34 29 la
1105 650 121 33 vallée!

227 704 60 42 (sie
310 703 178 41 lauschen.)

157 768 44 32 de
224 768 115 32 Rose:
365 768 54 30 En
442 768 94 40 effet!
565 784 42 4 —
642 767 112 40 Quelle
782 769 99 29 douce
908 766 143 32 émotion
1074 777 60 30 que
1156 766 66 41 j'é-

219 822 144 39 prouve!
394 820 135 33 Comme
553 831 79 21 mon
654 831 97 21 coeur
774 823 55 29 bat
844 821 244 40 joyeusement!

156 883 109 32 Fritz
290 882 233 40 Grinsinger
554 880 115 44 (etwas
694 882 148 40 abseits):
880 883 201 32 Messieurs!
1119 882 104 33 Chers

223 938 109 31 amis!
378 937 40 32 Je
456 948 41 20 ne
536 937 215 31 m’attendais
790 937 166 31 vraiment
989 947 68 30 pas
1095 936 21 31 à
1151 940 70 28 tant

226 992 202 31 d'honneur
413 988 17 47 !

157 1054 44 32 de
226 1054 113 32 Rose:
366 1054 40 32 Je
423 1064 53 20 me
492 1054 136 31 mettrai
651 1064 46 20 un
716 1064 66 30 peu
798 1052 22 32 à
840 1052 114 33 l’écart
972 1064 91 30 pour
1073 1055 148 38 prendre

221 1110 57 29 des
300 1110 90 28 notes
408 1117 91 30 pour
521 1117 79 21 mon
616 1107 153 40 journal.
806 1105 76 43 (Die
899 1107 111 31 Musik
1025 1106 81 32 wird
1133 1107 88 31 deut-

221 1161 64 31 lich
308 1158 240 43 vernehmbar.)

153 1223 108 32 Fritz
287 1222 233 41 Grinsinger
544 1221 116 42 (winkt
683 1222 58 32 mit
764 1223 71 31 dem
852 1222 226 32 Taschentuch
1103 1231 39 23 an
1161 1222 56 31 der

219 1276 85 32 Türe
340 1276 87 32 seine
462 1276 88 32 Frau
598 1276 214 39 desgleichen.
871 1275 160 33 Plötzlich
1067 1275 81 31 wird
1185 1285 34 21 er

219 1327 134 43 stutzig)
378 1330 62 31 Die
457 1329 121 40 Simpel
594 1329 90 32 blose
707 1329 162 40 glauwich
893 1339 16 21 e
935 1329 123 32 ditsche
1077 1329 140 39 Marsch,

220 1393 64 21 unn
309 1382 55 33 Sie
395 1383 64 31 han
482 1383 58 31 m’r
569 1383 81 31 doch
675 1383 39 31 de
738 1383 165 38 „Sambre
927 1386 28 28 et
980 1382 134 32 Meuse“
1149 1392 70 21 ver-

220 1437 149 40 sproche!
396 1437 60 39 (Er
479 1436 91 32 lehnt
593 1436 69 31 sich
685 1434 70 42 vor)
778 1435 110 34 Oho?!
914 1437 82 31 Was
1020 1435 67 32 isch
1113 1434 103 33 diss?!

220 1508 40 3 —
287 1490 60 41 (Er
370 1490 69 32 hält
469 1489 69 32 sich
569 1500 40 21 an
633 1490 103 31 einem
760 1489 105 40 Stuhl,
898 1489 56 32 der
982 1489 32 31 in
1046 1489 56 32 der
1124 1488 93 32 Nähe

220 1544 57 31 der
300 1544 66 31 Tür
390 1543 100 39 steht)
537 1543 74 32 Isch
637 1543 61 32 er’s
722 1543 99 32 odder
838 1542 95 32 isch’s
957 1542 86 32 siner
1060 1540 155 35 Geischt?

222 1615 38 3 —
287 1597 51 31 Do
362 1597 123 31 kummt
504 1596 34 40 jo
563 1597 57 31 der
659 1597 152 31 verruckt
834 1597 113 30 cousin
971 1599 37 28 üs
1033 1594 119 33 Sachse
1178 1595 38 31 de

220 1650 101 32 Garte
347 1650 91 31 here!
468 1674 5 6 .
500 1675 6 6 .
533 1675 6 6 .
567 1649 72 33 Sott
664 1650 48 31 am
729 1650 73 31 End
827 1674 6 6 .
860 1673 6 8 .
894 1673 39 8 ..
960 1648 49 32 .?!
1036 1647 101 43 (sinkt
1161 1647 58 32 auf

220 1703 61 32 den
308 1702 119 40 Stuhl.)

151 1766 172 31 Madame
348 1765 250 40 Grinsinger:
624 1766 89 32 Um’s
730 1765 261 31 Himmelswille!
1018 1765 81 31 Mon
1110 1764 104 31 Dieu!

151 1827 108 32 Fritz
284 1826 249 41 Grinsinger:
560 1828 81 30 Mon
663 1828 104 30 Dieu!
803 1828 81 30 Mon
908 1827 103 31 Dieu!

151 1881 44 31 de
219 1880 113 32 Rose:
364 1880 83 41 Qu’y
470 1882 121 30 a-t-il?
