1 1
553 48 241 29 — 106 —

142 144 184 32 Madame
351 141 266 42 Grinsinger:
648 142 181 40 Comment,
848 143 48 30 d'r
911 142 109 32 Baron
1036 141 69 33 isch
1121 143 85 31 kenn

210 195 146 33 baron!?
381 214 42 4 —

143 269 46 31 de
212 269 106 31 Rose
341 268 71 40 (der
434 277 64 23 von
515 267 102 32 einem
633 267 150 40 Mitglied
802 267 56 32 der
875 266 150 40 Fanfare
1041 267 167 32 instruiert

209 322 130 32 worden
362 320 71 42 ist):
459 323 41 30 Je
518 322 163 40 proteste!

143 394 178 32 Durand:
347 393 50 33 Do
421 393 84 32 helft
521 393 79 32 alles
616 393 192 40 protestiere
832 393 65 39 nix,
923 393 39 32 do
987 393 48 32 d'r
1052 392 156 33 Geburts-

210 447 109 32 schien
349 457 66 22 vun
445 447 59 32 sim
533 447 106 32 Vater
668 445 198 43 (überreicht
889 449 39 29 de
952 447 84 32 Rose
1060 447 62 32 den
1146 446 63 33 Ge-

208 501 227 34 burtsschein).
468 502 91 31 Voici
582 503 93 30 l'acte
690 503 39 29 de
744 501 175 32 naissance
941 503 40 28 de
1003 503 90 29 votre
1112 500 98 42 père!

145 573 46 32 de
214 573 122 32 Rose:
374 572 216 33 Comment?!
621 590 42 3 —
699 573 112 30 Est-ce
840 573 186 39 possible?!
1057 590 42 3 —
1129 572 81 40 Quel

211 637 81 30 coup
315 627 134 31 terrible
474 636 91 30 pour
592 627 88 30 moi!
709 626 93 40 (lässt
826 626 67 31 sich
918 625 58 32 auf
998 626 92 31 einen
1115 624 96 33 Stuhl

211 680 236 39 niedersinken,
480 689 34 23 so
539 680 73 31 dass
645 689 34 22 er
712 679 58 32 mit
793 678 137 33 Rièmer
961 680 64 31 und
1052 679 159 33 Gauthier

212 734 71 31 eine
308 734 104 31 Reihe
435 731 125 43 bildet).

145 815 117 31 Fritz
287 813 250 40 Grinsinger
572 813 66 40 (die
674 813 68 32 drei
776 813 157 41 mitleidig
967 813 242 40 betrachtend):

210 867 79 33 Wie
312 867 72 32 steh
406 867 54 32 ich
480 866 85 40 jetzt
588 865 65 35 do?
676 867 76 33 Unn
775 867 63 32 wie
862 867 185 31 sitze-n-Ihr
1072 867 54 32 do!

145 949 169 32 Durand
338 948 223 40 (ergänzend):
587 947 59 34 Uff
667 948 39 32 de
730 949 166 31 Trümmer
914 957 65 22 vun
996 946 80 41 Ejre
1094 947 117 40 patrio-

212 1002 322 32 tische-n-Illüsione!

146 1084 117 32 Fritz
289 1083 267 40 Grinsinger:
593 1083 146 40 Ejetlich
772 1084 64 31 sott
870 1082 53 32 ich
957 1083 95 40 Ejch,
1085 1092 33 23 so
1149 1082 61 32 wie

213 1137 58 32 Ihr
295 1138 39 32 do
359 1137 89 40 sitze,
474 1137 47 31 nit
544 1146 161 31 vergesse,
730 1137 62 32 wie
823 1137 56 32 Ihr
911 1137 83 33 mich
1025 1146 99 22 ewwe
1156 1146 54 22 un-

213 1191 170 39 gerechter
406 1190 94 32 Wies
523 1190 156 32 bhandelt
702 1191 73 31 han.
826 1191 132 33 Awwer
988 1191 48 31 als
1060 1190 150 40 Mitglied

213 1254 67 22 vun
304 1245 47 31 d'r
374 1245 206 39 Friddesliga
602 1244 68 32 will
700 1244 52 32 ich
782 1244 99 32 mit’mm
906 1243 305 42 guete-n-Exempel

213 1297 196 41 vorangehn.
460 1297 81 33 Ihne
571 1298 87 32 Herr
689 1297 160 33 Gauthier
882 1298 129 40 verzehj
1043 1297 62 40 ich,
1138 1297 73 31 dass

216 1350 54 34 Sie
294 1351 48 32 als
364 1351 151 40 Franzos,
540 1351 172 32 Präsident
734 1361 74 22 vum
834 1361 16 22 e
875 1351 124 32 ditsche
1017 1351 122 32 Verein
1162 1350 50 32 sin

215 1405 82 40 gsin,
315 1405 48 31 dir
380 1404 144 40 Rièmer,
544 1405 73 31 dass
642 1405 42 31 dü
708 1405 46 32 als
770 1405 163 39 Ditscher,
951 1405 173 32 Präsident
1146 1414 66 21 vun

217 1468 52 23 ere
294 1458 189 32 elsässische
514 1457 143 34 Societät
685 1458 93 32 bisch
800 1458 73 40 gsin
903 1457 54 41 (zu
980 1461 39 28 de
1046 1458 100 40 Rose)
1170 1458 42 31 Et

216 1522 88 27 vous,
330 1513 173 30 Monsieur
538 1513 29 30 le
600 1513 115 36 baron,
742 1512 40 40 je
815 1522 79 21 vous
917 1522 111 21 excuse
1052 1522 59 29 que
1134 1521 78 21 vous

217 1576 78 29 ayez
315 1567 68 30 mis
398 1568 71 28 tant
495 1566 162 30 d’ardeur
673 1576 38 20 en
727 1569 90 27 votre
839 1564 124 41 qualité
978 1567 39 29 de
1043 1566 167 39 prussien,

217 1618 21 32 à
262 1618 158 42 défendre
444 1620 46 30 les
513 1618 134 32 intérêts
670 1621 39 29 de
733 1621 35 29 la
791 1620 137 30 France.
969 1618 89 41 (Alle
1082 1617 130 32 bleiben

217 1672 155 39 geknickt
395 1669 125 43 sitzen).
555 1672 77 32 Unn
647 1681 95 22 wenn
757 1672 52 31 ich
827 1682 90 30 pour
933 1672 160 31 terminer
1110 1671 101 31 denne

218 1726 81 31 zwei
323 1724 161 34 Societäte
509 1735 17 22 e
549 1727 96 38 guete
669 1726 86 31 Roth
786 1724 86 32 derft
901 1729 73 36 gän,
999 1734 36 22 ze
1065 1724 71 32 thät
1159 1724 51 32 ich

219 1778 49 33 ’ne
291 1779 209 32 vorschlaaue
517 1778 62 32 ihri
594 1778 190 33 Präsidente
803 1777 85 40 jetzt
904 1777 126 33 einfach
1046 1777 166 40 gejesittig

218 1832 200 32 üszetüsche.
466 1832 248 40 (Widerspruch
748 1831 53 33 bei
832 1832 62 31 den
924 1831 207 40 Mitgliedern
1157 1831 55 31 der

218 1885 117 31 beiden
359 1883 282 42 Gesellschaften).
