1 1
588 71 38 4 —
676 57 41 29 62
764 72 41 4 —

157 153 200 40 Auguste:
389 152 65 32 M'r
477 152 71 32 hett
572 153 78 39 guet
675 162 16 22 e
715 153 101 31 Mann
839 162 66 22 vun
937 153 48 32 d'r
1008 153 217 33 Wisseschaft

224 207 59 39 sin,
316 207 58 31 m’r
397 206 69 33 isch
491 205 133 40 d’rwäje
657 206 81 33 doch
766 206 48 32 nit
838 216 62 22 von
926 207 99 32 Holz!
1059 206 165 42 (bittend.)

225 260 93 40 Olga,
356 269 61 22 nur
448 260 124 39 einmol,
608 269 61 22 nur
700 260 187 39 e-n-einzigs
912 260 78 39 Mol,
1027 260 53 31 für
1110 270 115 23 unsere

223 314 97 33 Bund
345 323 37 22 ze
404 312 202 41 bekräftige!
643 312 62 42 (Er
727 314 94 31 küsst
851 313 57 40 sie,
942 314 46 31 sie
1012 314 80 31 lässt
1115 324 34 22 es
1173 324 53 29 ge-

224 362 165 49 schehen.)

158 422 117 40 Olga:
310 421 39 40 O,
381 421 52 32 ich
464 420 63 32 hab
551 420 60 32 mir
641 420 110 32 immer
774 421 152 39 gedenkt,
958 430 95 23 wenn
1083 421 53 32 ich
1166 431 87 33 nur

223 476 82 31 emol
338 484 7 22 e
367 475 101 31 Mann
491 484 66 22 vun
582 474 57 32 der
656 473 219 33 Wisseschaft
899 474 47 32 als
968 475 101 31 Mann
1092 474 131 33 bekäm!

157 538 200 40 Auguste:
390 536 103 40 Olga!
528 535 107 40 (Küsst
658 536 47 32 sie
735 536 121 32 wieder
887 537 64 31 und
982 536 111 33 nimmt
1123 537 46 32 sie
1193 537 32 32 in

225 592 62 31 den
311 589 107 41 Arm.)

159 653 98 41 Olga
281 653 149 40 (deutsch
454 651 212 41 sprechend):
693 653 65 31 Mir
781 653 83 31 wird
887 662 83 30 ganz
994 652 229 32 schwindlich!

224 706 68 41 (Sie
325 707 81 31 lässt
436 706 68 32 sich
529 704 118 42 gehen)
678 707 92 31 Küss
801 706 83 32 mich
915 705 128 41 wieder,
1076 701 147 45 August!

224 761 59 32 Ich
307 760 88 32 fühle
419 759 83 33 mich
526 769 34 23 so
584 759 179 40 glücklich!

157 823 181 40 Auguste
363 822 105 40 (Küsst
490 822 66 39 ihn,
581 822 46 31 sie
651 823 94 30 küsst
767 822 57 31 ihn
846 820 155 42 wieder):
1027 821 79 34 Gelt
1130 822 94 40 Olga,

224 886 34 23 es
283 876 68 32 isch
375 876 69 31 halt
468 875 81 32 doch
574 875 157 32 andersch
747 876 32 30 in
805 875 47 32 d'r
875 876 137 31 Theorie
1036 885 65 22 unn
1120 875 32 32 in
1169 868 56 39 d'r

224 930 133 32 Praxis!

159 992 122 41 Olga:
307 991 28 34 O
357 991 45 41 ja,
427 992 114 31 liewer
564 992 172 40 Auguste!

157 1056 179 39 Auguste
360 1054 145 41 (lauscht
520 1053 95 41 auf):
641 1053 88 40 Scht,
756 1063 34 22 es
814 1055 122 30 kummt
958 1054 108 32 iemes.
1091 1053 135 42 (Nimmt

225 1108 56 32 das
295 1109 191 31 Metermass
503 1108 65 31 und
586 1107 92 40 fängt
695 1107 160 32 ernsthaft
872 1117 39 22 an
933 1117 40 21 zu
989 1106 147 41 messen.)

157 1171 109 32 Fritz
292 1170 236 39 Grinsinger
551 1168 54 42 (zu
626 1170 163 39 Ehrstein,
815 1170 57 31 mit
897 1170 69 31 dem
992 1179 33 22 er
1049 1170 100 32 durch
1174 1170 50 31 die

223 1224 183 31 Mitteltüre
431 1221 154 43 kommt):
612 1222 96 34 Gehn
732 1222 54 33 Sie
810 1233 126 22 numme
960 1223 64 32 nin.

157 1287 178 39 Auguste
361 1284 196 43 (messend):
585 1286 111 32 Breite
720 1286 153 32 vierzehn
897 1286 138 32 Komma
1058 1285 120 33 sieben.

157 1350 108 31 Fritz
296 1347 255 42 Grinsinger:
587 1348 60 32 D'r
672 1348 154 39 Gücksel,
858 1348 79 32 sin’r
961 1348 83 32 denn
1068 1348 82 32 noch
1173 1348 49 32 nit

224 1402 99 39 fertig
345 1402 58 31 mit
428 1402 74 32 dere
527 1401 179 40 Messerej
693 1397 18 49 !

158 1465 199 39 Auguste:
394 1464 102 40 Doch,
529 1474 104 30 papa.
682 1464 48 32 Im
754 1464 181 31 Auesblick
970 1464 49 31 sin
1054 1464 58 31 m’r
1147 1463 75 32 ferti

222 1527 113 23 worre.
360 1516 60 42 (Er
443 1518 152 39 begrüsst
617 1516 179 42 Ehrstein.)

158 1579 117 41 Olga:
311 1581 54 38 Ja,
402 1589 64 22 unn
497 1579 53 32 ich
579 1579 66 32 will
676 1579 41 32 im
742 1580 87 32 Herr
853 1579 58 32 Dr.
937 1579 205 40 Kneppchen
1172 1579 49 32 sin

223 1633 209 39 Manuskript
456 1632 125 40 bringe.

157 1687 197 39 Auguste:
386 1685 59 33 Ich
468 1685 122 40 begleit
614 1685 64 39 Sie,
711 1686 48 31 d'r
782 1685 113 32 Babbe
926 1686 71 31 hett
1021 1685 80 32 doch
1125 1685 95 32 ellein

223 1739 99 32 mit'm
345 1739 88 32 Herr
455 1739 154 32 Ehrstein
634 1748 36 23 ze
693 1739 108 32 redde.
827 1738 115 42 (Beide
967 1737 64 42 ab.)

157 1793 109 30 Fritz
290 1792 254 40 Grinsinger:
572 1793 90 38 Also,
676 1793 88 30 Herr
779 1792 163 39 Ehrstein,
967 1792 175 31 verschone
1166 1790 52 32 Sie

223 1845 92 40 mich,
348 1845 138 32 rüiniere
511 1844 54 33 Sie
594 1845 84 32 mich
708 1845 57 39 nit,
797 1844 67 40 seje
890 1844 53 33 Sie
966 1844 186 40 vernünftig
1176 1853 42 22 un

223 1907 96 23 saaue
337 1897 54 33 Sie
415 1898 68 40 mir,
508 1908 67 22 was
599 1898 60 32 soll
681 1898 53 32 ich
758 1900 50 30 'ne
826 1898 150 32 Abstand
1000 1897 143 40 bezahle,
1169 1896 49 33 for
