1 1
467 89 36 46 —
552 102 41 23 29
636 96 49 43 —

34 197 116 33 Fritz
186 196 264 41 Grinsinger:
488 195 39 41 O,
566 195 54 34 Sie
656 198 107 30 stören
799 207 58 30 gar
880 197 99 40 nicht,
1015 198 88 32 Herr

100 250 178 40 Professor,
304 251 43 31 im
372 250 184 40 Gegenteil.

34 314 62 31 Dr.
123 313 276 40 Kneppchen:
433 313 58 31 Ich
515 313 83 31 habe
623 312 55 33 Sie
709 312 152 41 übrigens
885 314 99 31 schon
1008 314 94 39 lange

99 366 89 33 nicht
226 367 89 32 mehr
353 366 150 41 gesehen.
567 365 83 42 (Das
695 367 226 32 verwunderte
966 367 137 33 Gesicht

102 419 219 43 Grinsingers
349 419 208 42 bemerkend)
594 420 66 39 Ah,
688 419 37 40 ja
760 420 128 41 richtig,
914 420 55 33 Sie
993 431 109 22 waren

96 474 36 39 ja
156 474 33 32 in
212 474 102 32 Paris.
362 474 210 40 Verzeihung
596 474 51 32 ich
671 473 56 32 bin
751 483 34 23 so
810 476 168 30 zerstreut.

32 537 184 32 Madame
241 536 273 40 Grinsinger:
540 536 69 32 Das
640 538 86 30 kann
754 536 107 39 jedem
885 539 215 39 vorkommen,

99 591 75 32 dass
198 600 35 22 er
256 590 68 32 sich
350 590 116 32 einmal
490 590 193 40 verhopasst
707 590 64 31 und
796 590 200 33 verbabbelt.

33 653 62 32 Dr.
120 653 261 40 Kneppchen
405 655 53 38 (zu
488 651 235 43 Grinsinger):
750 652 55 34 Sie
829 653 71 32 sind
924 654 85 32 wohl
1033 664 69 22 ver-

99 707 149 32 wundert
272 707 82 32 mich
380 707 80 32 noch
484 707 70 31 hier
578 717 40 21 zu
641 705 138 33 treffen?

33 770 116 31 Fritz
175 769 269 41 Grinsinger:
469 770 54 39 Ja,
548 770 119 39 gerade
691 769 83 32 habe
799 770 52 31 ich
873 770 121 32 meiner
1014 771 89 31 Frau

99 824 125 40 gesagt,
256 823 62 32 wie
350 823 74 32 sehr
453 832 33 23 es
518 823 82 32 mich
635 822 96 41 freut,
758 823 72 32 dass
855 823 47 32 sie
926 824 82 31 noch
1031 824 71 31 hier

102 877 81 32 sind.

34 940 183 31 Madame
243 939 268 41 Grinsinger:
536 940 54 39 Ja,
617 940 56 31 das
697 939 57 32 hat
778 949 34 22 er
835 941 124 39 gesagt.

34 1002 65 31 Dr.
125 1002 275 40 Kneppchen:
426 1002 50 31 Zu
500 1002 260 40 liebenswürdig.
806 1002 58 32 Ich
896 1003 108 31 werde
1033 1003 69 31 halt

101 1065 32 23 so
169 1056 170 32 verwöhnt
369 1056 79 39 hier,
476 1056 74 31 dass
581 1065 34 22 es
645 1056 60 31 mir
729 1056 125 31 schwer
886 1055 99 32 fallen
1009 1057 91 39 wird,

99 1110 84 31 mich
207 1119 63 22 von
294 1110 105 31 Ihnen
423 1119 40 22 zu
487 1111 144 30 trennen.
666 1108 55 34 Sie
745 1111 128 30 können
897 1110 77 31 aber
997 1110 105 31 sicher

101 1163 77 40 sein,
210 1163 52 32 ich
290 1163 108 32 werde
433 1163 121 32 wieder
584 1164 155 39 kommen,
777 1162 99 33 öfters
908 1164 120 31 wieder
1062 1173 40 22 zu

100 1216 104 32 Ihnen
228 1218 155 31 kommen.

34 1279 117 33 Fritz
177 1279 264 41 Grinsinger:
466 1278 52 41 So,
545 1280 57 31 das
627 1278 87 33 freut
738 1289 58 22 uns
821 1280 82 32 sehr.
931 1279 65 41 (für
1019 1278 83 42 sich)

100 1333 149 40 Heiliger
265 1333 193 32 Bimbamm!
485 1334 108 31 Wenn
611 1333 38 32 de
666 1343 61 22 nur
742 1334 204 31 wüeschtsch
963 1334 76 31 wie!
1060 1351 40 5 —

35 1395 64 32 Dr.
124 1396 265 40 Kneppchen
414 1393 280 44 (nachdenklich):
726 1389 173 46 Übrigens,
933 1406 93 22 wenn
1049 1396 53 32 ich

103 1449 82 33 mich
221 1450 93 32 recht
344 1450 155 39 erinnere,
535 1450 82 32 habe
653 1450 51 32 ich
739 1450 100 32 Ihnen
869 1452 101 30 etwas
994 1450 109 32 Wich-

102 1503 84 40 tiges
225 1513 40 22 zu
304 1513 98 30 sagen
442 1501 101 43 (zieht
579 1503 69 32 sein
683 1503 184 33 Notizbuch
896 1504 117 32 heraus
1037 1504 66 31 und

101 1557 135 32 blättert
271 1555 104 42 darin)
412 1557 74 31 Ach
521 1556 45 40 ja,
607 1557 126 40 richtig.
766 1558 73 30 Ich
875 1557 83 32 habe
999 1558 102 31 Ihnen

104 1611 80 31 zwei
207 1610 276 33 hocherfreuliche
507 1611 229 39 Mitteilungen
760 1621 40 21 zu
824 1611 142 32 machen.

37 1672 117 32 Fritz
180 1672 264 41 Grinsinger:
485 1672 69 33 So?
597 1673 50 31 Da
684 1673 55 32 bin
775 1673 52 32 ich
858 1675 169 38 gespannt.
1060 1691 42 3 —

87 1725 83 42 (für
193 1727 82 37 sich)
299 1727 47 31 Es
370 1728 114 38 grüüst
508 1727 57 31 m’r
590 1727 116 32 schun!

38 1780 184 31 Madame
247 1779 268 40 Grinsinger:
541 1780 53 32 Da
617 1780 55 32 bin
695 1781 50 32 ich
767 1780 84 40 jetzt
867 1781 233 40 wunderfitzig.

39 1833 65 31 Dr.
128 1834 280 39 Kneppchen:
446 1834 62 31 Die
540 1834 70 32 eine
645 1834 124 32 betrifft
797 1835 76 31 Ihre
904 1835 199 39 Ernennung

107 1897 71 21 zum
221 1887 164 40 königlich
418 1887 204 32 sächsischen
659 1887 274 38 Hoflieferanten,
980 1888 122 31 welche

106 1940 156 32 nunmehr
274 1940 197 41 bevorsteht,
485 1941 62 31 wie
560 1941 60 31 mir
631 1941 83 31 mein
721 1942 119 31 Vetter
852 1941 170 40 mitgeteilt
1034 1941 66 31 hat.
