1 1
400 306 55 47 II.
489 306 204 60 Aufzug.

118 396 168 27 Dekoration
304 396 53 26 wie
383 396 35 26 im
445 398 90 24 ersten
554 395 139 35 Aufzuge.
732 396 91 27 Wenn
842 398 46 25 der
908 397 130 35 Vorhang
1057 399 28 26 in

13 441 40 27 die
67 441 81 26 Höhe
167 440 74 34 geht,
262 441 95 26 stehen
377 440 75 27 Fritz
466 440 166 34 Grinsinger
650 442 55 25 und
719 441 77 26 Hans
811 441 159 35 Grinsinger
988 443 97 27 mitten

13 485 48 27 auf
78 486 47 26 der
143 485 105 27 Bühne.
300 493 47 19 Hans
368 485 159 34 Grinsinger
546 485 90 27 steckt
655 486 74 26 seine
750 485 108 34 Cigarre
878 494 33 19 an
931 488 47 25 der
999 487 86 26 Grin-

13 531 103 33 singers
129 537 42 19 an.
199 530 39 25 Er
250 531 76 32 trägt
336 530 120 27 dasselbe
468 530 252 27 Touristenkostüm
733 530 52 27 wie
800 531 35 26 im
846 533 90 24 ersten
947 530 137 35 Aufzuge.

13 629 112 33 Hans
150 628 273 40 Grinsinger:
449 628 53 32 Nu
526 629 68 31 will
617 629 52 32 ich
693 629 83 31 mich
802 639 17 21 e
840 629 133 33 bischen
997 630 88 41 lang-

78 683 160 39 strecken,
255 681 50 33 bis
322 682 84 32 mich
420 681 161 34 Gauthier
593 692 71 22 zum
678 681 223 42 Spaziergang
914 683 119 33 abholt.
1042 702 41 4 —

79 735 135 41 Schade,
252 736 74 31 dass
351 736 39 32 de
415 736 252 32 Klauenseuche
692 737 74 31 hast
803 737 65 31 und
893 737 89 32 nicht
1015 738 70 32 mit-

80 790 104 39 gehen
209 791 127 31 kannst.

13 852 107 32 Fritz
146 851 236 41 Grinsinger
405 850 104 43 (fährt
524 852 123 33 schnell
664 862 41 22 an
718 853 69 32 sein
803 852 110 42 Bein):
941 854 141 32 Autsch!

82 904 92 33 Grad
198 905 83 32 habe
305 906 52 31 ich
381 906 122 31 wieder
526 906 58 32 das
608 906 146 32 Reissen.

13 959 110 32 Hans
148 958 269 41 Grinsinger:
436 960 118 31 Armes
567 960 211 32 Luderchen!
805 958 182 44 (abgehend
1002 961 81 32 nach

77 1010 121 43 rechts)
221 1012 63 40 Na,
309 1012 48 32 uff
377 1013 233 32 Wiedersehen
634 1014 120 31 Fritze.
780 1011 69 43 (ab)

13 1066 115 32 Fritz
147 1066 260 40 Grinsinger:
429 1066 67 32 Alli
508 1067 96 32 Ränk
616 1076 105 23 muess
735 1068 58 31 m’r
806 1068 39 32 do
860 1068 222 31 anwende!
1041 1062 37 49 —

87 1119 77 33 Diss
190 1120 55 32 dät
268 1121 59 31 m'r
357 1120 80 40 grad
460 1120 82 32 noch
565 1130 105 31 passe,
695 1121 58 31 mit
782 1121 103 31 denne
909 1122 81 31 zwei
1014 1122 70 40 Typ

77 1173 34 32 in
124 1172 58 33 d’r
178 1170 96 35 Stadt
284 1173 224 32 erumzelaufe.
523 1173 77 33 Diss
614 1178 67 28 wär
693 1176 78 38 guet
781 1184 40 22 an
830 1175 48 31 d’r
888 1175 193 32 Fasenacht.

16 1226 131 32 Marie
171 1225 192 43 (meldend):
390 1227 60 31 D'r
473 1227 89 32 Herr
584 1227 157 33 Rièmer
713 1221 27 52 !

15 1280 115 32 Fritz
156 1279 273 42 Grinsinger:
454 1281 49 32 Er
526 1281 61 33 soll
611 1282 206 32 erinkumme.
837 1299 40 4 —
895 1275 117 52 (Marie
1015 1280 67 43 ab)

90 1335 106 39 Tiens,
229 1344 123 23 wurum
376 1336 123 30 kummt
523 1335 56 32 der
610 1335 84 39 jetzt
718 1335 124 32 schun?
879 1334 127 43 (schaut
1030 1335 59 33 auf

81 1387 52 33 die
156 1387 83 41 Uhr)

16 1440 160 33 Rièmer
199 1440 122 43 (hastig
336 1440 141 43 herein):
503 1443 153 40 Bonjour
679 1454 80 20 mon
782 1444 76 30 cher
873 1445 82 30 ami.
973 1443 110 32 Avant

81 1498 67 29 tout
172 1506 70 21 mes
263 1495 145 33 sincères
423 1496 222 40 félicitations
660 1506 60 22 zue
745 1496 109 32 dinere
877 1497 207 32 décoration!

83 1550 72 30 Mes
177 1551 238 39 compliments,
441 1561 70 21 mes
533 1549 145 33 sincères
700 1552 249 39 compliments!

19 1609 112 33 Fritz
155 1610 265 41 Grinsinger:
446 1614 116 36 Merci,
582 1623 80 21 mon
678 1614 85 36 cher,
781 1614 124 30 merci!
924 1613 159 40 Bringsch

84 1674 48 22 am
156 1664 74 32 End
254 1674 58 31 gar
336 1675 17 22 e
379 1666 89 40 gueti
492 1668 146 29 nouvelle
661 1675 66 22 vun
751 1666 73 31 mim
855 1665 97 41 Sohn,
984 1667 100 31 hett'r

84 1717 68 33 sich
175 1719 78 38 guet
275 1718 172 40 gschickt?

20 1769 174 33 Rièmer:
221 1770 42 34 So
287 1781 66 23 unn
377 1782 17 22 e
418 1782 44 23 so.
487 1773 48 31 Er
557 1772 69 33 isch
650 1773 83 32 noch
756 1773 117 32 d’heim
897 1773 52 32 bie
978 1774 60 31 mir
1061 1773 21 32 à

86 1825 122 31 l'heure
243 1826 80 39 qu’il
357 1829 56 29 est.
475 1826 100 32 Vorm
614 1826 237 33 z'Middaaesse
890 1827 98 32 hett'r
1025 1828 58 31 nix

85 1877 157 42 gemacht,
266 1879 63 32 wie
353 1879 129 40 d’Köpf
502 1889 152 30 gemesse.
