1 1
452 42 127 29 — 91
630 57 39 4 —

24 138 108 32 Fritz
157 137 245 40 Grinsinger:
428 137 90 32 Weil
542 137 52 31 die
615 136 145 34 Sachsen
785 162 5 7 .
818 161 7 7 .
852 163 5 6 .
885 137 51 33 die
961 137 131 33 freund-

89 192 138 32 lichsten
251 189 153 43 (Bravo!)
429 191 51 31 die
503 191 314 39 gemütlichsten...
847 190 157 40 (lebhafte
1030 192 62 31 Zu-

90 244 194 41 stimmung.)

23 309 108 32 Hans
157 307 246 40 Grinsinger:
428 308 54 39 Ja,
504 306 45 40 ja,
575 307 57 31 das
656 306 56 33 hat
737 307 26 31 ‘r
785 306 139 41 gesagt?
951 332 73 7 ...

23 371 108 32 Fritz
157 369 248 41 Grinsinger:
442 369 180 33 Und...
659 368 175 33 Und...
875 378 67 23 was
973 369 57 32 hat
1060 378 34 23 er

90 424 81 32 noch
195 422 138 42 gesagt?
359 447 73 8 ...

23 488 106 32 Hans
154 486 246 40 Grinsinger:
436 485 51 32 De
512 485 137 32 hellsten
672 494 64 24 von
761 486 30 30 'n
816 485 178 31 deutschen
1012 485 78 33 Völ-

90 542 81 30 kern
195 540 80 40 sind,
300 539 75 40 glob
400 539 53 31 ich
477 563 6 7 .
511 563 6 6 .
545 563 6 6 .

25 603 106 32 Fritz
156 602 247 40 Grinsinger:
435 601 141 40 Richtig,
611 601 55 31 das
690 600 58 33 hat
772 610 34 23 er
830 601 82 32 auch
933 601 82 33 noch
1040 609 54 32 ge-

59 657 113 39 sagt.
199 656 140 41 (starker
361 654 133 41 Beifall)

24 720 108 32 Hans
157 719 233 40 Grinsinger
413 718 250 42 (frohlockend):
702 718 53 32 Da
777 719 102 31 könnt
902 717 56 32 Ihr
982 718 108 40 sehen,

92 774 61 32 wie
189 773 60 32 wir
284 772 143 34 Sachsen
462 773 52 32 bei
551 773 61 32 den
644 772 186 40 gebildeten
858 771 236 32 Bublikümern

92 828 79 31 aller
195 827 167 32 ärd’schen
386 827 237 40 Hemisphären
646 825 198 41 geestimiert
868 823 95 34 sind?
1012 825 83 31 Was

93 880 83 32 hat'r
201 890 71 22 zum
297 879 132 34 Schluss
454 879 137 42 gesagt?

26 944 108 32 Fritz
159 943 251 40 Grinsinger:
436 943 82 32 Zum
542 942 213 33 Schluss...
782 951 71 22 zum
878 941 133 34 Schluss
1036 966 58 7 ...

25 998 108 32 Hans
159 996 249 41 Grinsinger:
435 996 230 34 Stillentzium!

26 1051 109 32 Fritz
160 1051 234 40 Grinsinger
418 1050 67 42 (für
500 1050 96 40 sich):
615 1050 181 39 Nundedié,
817 1059 69 22 was
898 1047 99 34 hett’r
1014 1048 82 33 noch

93 1104 128 41 gsaat?!
270 1105 56 32 Ah
356 1104 128 41 richtig,
509 1114 72 23 zum
610 1104 133 33 Schluss
771 1103 58 32 hat
852 1113 35 22 er
926 1102 171 33 selbstver-

93 1159 161 32 ständlich
278 1158 144 33 Sachsen
448 1183 106 6 ....

27 1213 105 32 Hans
157 1212 248 40 Grinsinger:
431 1213 107 32 Unser
560 1211 102 32 liebes
687 1210 161 34 Sachsen!

26 1266 112 33 Fritz
165 1266 250 40 Grinsinger:
441 1266 53 40 Ja,
520 1275 97 22 unser
632 1264 102 33 liebes
752 1264 143 33 Sachsen
919 1262 178 34 hochleben

95 1320 115 33 lassen.

28 1383 106 32 Hans
160 1382 245 41 Grinsinger:
432 1383 91 39 Also,
542 1382 82 32 noch
639 1381 64 32 mal
724 1390 96 23 unser
836 1380 101 32 liebes
955 1379 143 34 Sachsen

95 1437 59 33 soll
189 1437 104 39 läben,
329 1437 109 31 Hoch!
475 1435 109 33 Hoch!
622 1435 114 32 Hoch!
786 1432 91 44 (alles
903 1434 120 32 stimmt
1045 1432 54 33 be-

96 1490 134 40 geistert
254 1490 52 32 ein
330 1490 64 32 und
418 1491 100 31 stösst
541 1489 57 32 mit
621 1491 41 29 de
685 1489 85 31 Rose
794 1486 64 42 an.)

29 1554 56 31 De
108 1554 99 31 Rose
231 1551 168 42 (schüttelt
423 1552 90 32 Fritz
538 1551 201 41 Grinsinger
755 1551 51 31 die
830 1548 128 42 Hand):
984 1550 44 31 Et
1051 1559 48 22 re-

96 1617 86 21 cevez
217 1617 71 21 mes
321 1608 172 30 meilleurs
527 1606 268 32 remerciements
813 1614 92 30 pour
935 1605 35 30 la
990 1603 109 41 façon

97 1662 202 39 magistrale
326 1663 79 29 dont
432 1670 79 21 vous
538 1670 80 21 vous
646 1659 63 32 êtes
729 1658 74 40 fait
832 1657 201 39 l'interprète
1060 1658 40 29 de

98 1724 70 21 mes
186 1715 161 39 paroles
330 1711 20 48 !

29 1777 111 31 Fritz
166 1776 246 40 Grinsinger:
438 1777 31 31 Il
485 1777 56 40 n'y
559 1786 19 21 a
589 1785 68 31 pas
672 1777 39 29 de
728 1775 85 39 quoi,
839 1774 25 31 il
888 1774 54 39 n'y
966 1783 22 21 a
1011 1773 88 31 vrai-

96 1833 90 28 ment
205 1840 66 30 pas
293 1832 41 29 de
357 1831 86 39 quoi.
474 1853 73 8 ...
582 1827 67 41 (für
676 1825 82 43 sich)
796 1827 80 33 Gott
909 1825 45 40 sej
990 1825 107 40 Dank,

100 1883 73 32 dass
208 1883 54 32 ich
286 1883 50 32 die
360 1883 111 32 Folter
499 1892 88 23 erum
617 1882 78 32 hab!
733 1898 42 5 —
810 1881 82 32 Was
915 1879 94 33 wurd
1034 1878 65 32 diss
