1 1
453 59 41 3 —
541 43 41 29 85
630 59 42 4 —

25 138 108 33 Fritz
158 137 233 40 Grinsinger
416 137 94 40 (nach
535 138 99 32 Atem
658 138 165 41 ringend):
848 140 94 37 Rien,
960 150 33 21 ce
1009 141 82 31 n’est

90 192 92 31 rien!
207 216 7 7 .
240 216 7 7 .
273 216 7 7 .
305 192 75 31 c’est
403 191 183 32 l'émotion!

26 255 42 31 de
91 255 114 31 Rose:
236 253 81 33 Cela
339 255 194 39 s'explique!
559 278 6 6 .
592 279 7 6 .
626 278 7 7 .

24 308 106 32 Hans
166 306 233 41 Grinsinger
429 305 55 42 (im
516 307 300 33 Touristenkostüm
851 309 80 32 stolz
966 309 124 32 herein-

91 359 192 43 stürmend):
309 359 121 33 Servus
447 361 132 31 Vetter!
600 360 110 33 Guten
726 362 70 39 Tag
812 362 154 32 Karline!
985 363 105 32 Heert

90 414 56 32 Ihr
171 414 51 32 die
247 413 242 33 Juwelteene?!
515 414 57 31 Ihr
596 414 68 32 seid
689 415 174 40 sprachlos,
889 414 92 33 was?

23 477 108 32 Fritz
156 476 248 40 Grinsinger:
437 476 29 33 O
488 476 52 40 ja!
568 476 28 33 O
618 476 49 40 ja!
701 476 189 40 Sprachlos!
917 477 66 42 (für
1007 477 81 44 sich)

89 531 55 32 Un
166 530 77 32 wie!
275 530 75 40 (Die
374 530 111 31 Musik
513 531 119 32 kommt
660 530 109 33 näher.
820 531 204 42 Grinsinger
1046 533 44 32 ist

89 583 155 40 bestrebt,
270 583 69 32 sein
364 582 260 35 Ordenszeichen
650 594 40 22 zu
713 584 203 40 verbergen.)

23 638 44 31 de
90 638 100 31 Rose
216 635 65 42 (für
305 635 97 42 sich):
428 638 41 31 Je
491 639 72 30 suis
587 637 95 32 ému!
706 636 48 44 (er
778 638 86 33 zieht
880 639 69 32 sich
972 639 33 32 in
1025 641 62 31 den

87 691 225 40 Hintergrund
336 689 146 42 zurück.)

22 754 107 31 Hans
154 752 246 40 Grinsinger:
438 751 42 34 So
511 762 68 23 was
614 753 110 41 bringt
754 764 60 22 nur
846 764 16 22 e
894 754 193 42 Grinsinger

89 806 112 40 fertig!
228 807 81 31 Was
333 807 109 39 sagste
466 806 81 32 nu?!
574 806 70 40 (eilt
660 816 40 23 an
718 807 50 33 die
785 809 85 31 Türe
887 809 64 31 und
969 807 116 43 winkt)

20 860 109 32 Fritz
154 859 234 41 Grinsinger
412 859 53 41 (zu
489 861 105 31 seiner
618 860 114 40 Frau):
759 861 141 33 Verroth
920 862 40 32 im
978 863 107 32 Baron

86 914 66 40 nix,
178 924 35 22 er
236 914 146 32 versteht
401 913 35 41 jo
461 915 85 31 kenn
570 915 129 31 Wörtel
723 915 120 33 ditsch!
874 933 40 4 —

20 977 106 32 Hans
153 976 247 41 Grinsinger:
436 977 149 32 Heersch
608 987 68 30 nur,
707 978 57 31 mit
792 988 68 22 was
883 988 117 23 vomer
1022 981 62 31 Be-

86 1030 235 41 geeschterung
337 1040 65 22 unn
418 1030 181 33 Fehemenz
623 1040 34 23 se
679 1032 93 31 tuten
795 1031 118 33 thun?!
940 1051 41 3 —
1006 1033 76 41 (Die

86 1084 110 32 Musik
205 1085 119 31 kommt
336 1084 120 32 herein.
470 1084 179 33 Hinterher
661 1085 51 32 ein
724 1086 73 40 Zug
809 1095 64 23 von
880 1087 127 32 Herren
1017 1089 64 31 und

83 1138 125 32 Damen
247 1138 33 32 in
320 1137 319 42 Ausflugkostümen,
679 1140 142 31 Büschel
859 1139 122 34 Gräser
1015 1143 64 30 und

81 1191 138 32 Blumen
242 1191 32 32 in
299 1191 62 31 den
377 1192 150 39 Händen,
553 1192 126 32 Blätter
703 1193 64 31 und
784 1194 133 39 Zweige
939 1194 58 32 auf
1019 1195 60 32 den

81 1245 122 32 Hüten.
251 1245 118 40 Einige
403 1245 34 32 in
471 1246 229 32 Hemdärmeln
735 1246 143 33 wischen
912 1248 69 31 sich
1017 1249 61 32 den

81 1297 162 34 Schweiss
260 1298 50 41 ab,
336 1299 114 32 ziehen
474 1299 68 32 sich
563 1299 84 32 dann
670 1300 57 32 mit
743 1299 91 33 Hilfe
851 1300 86 33 ihrer
952 1302 124 32 Damen

82 1352 50 31 die
155 1353 111 31 Röcke
290 1362 49 22 an.
386 1353 130 31 Kinder
539 1353 57 31 mit
616 1353 286 41 Blumenbündeln,
921 1355 155 40 Zweigen

80 1414 131 23 u.s.w.
242 1405 161 32 wimmeln
426 1406 159 32 zwischen
618 1407 60 31 den
701 1407 241 33 Erwachsenen
964 1408 110 32 herum

80 1459 65 31 und
161 1459 130 32 werden
308 1469 57 22 zur
377 1459 94 32 Ruhe
487 1459 171 41 gewiesen.
682 1460 176 32 Eventuell
871 1461 50 32 ein
934 1462 141 32 Kinder-

79 1521 114 31 wagen
217 1513 58 31 mit
289 1512 276 33 Dienstmädchen
589 1513 102 33 dabei.
728 1515 76 31 Alle
828 1515 75 31 sehr
918 1515 76 32 fidel
1009 1516 64 32 und

78 1564 135 33 lebhaft.
260 1567 93 31 Hans
372 1566 192 41 Grinsinger
586 1568 101 31 kennt
710 1568 69 31 sich
802 1568 89 32 nicht
914 1569 89 31 mehr
1017 1579 57 22 vor

78 1618 137 40 Freude,
263 1629 35 22 er
332 1621 127 39 schlägt
494 1621 60 31 den
590 1621 94 32 Takt.
744 1621 63 32 Die
842 1623 112 31 Musik
985 1623 89 32 stellt

79 1672 68 31 sich
183 1681 48 23 am
265 1673 152 40 Eingang
452 1673 59 32 auf
544 1674 64 31 und
642 1674 86 32 bläst
758 1675 91 31 ihren
873 1676 130 32 Marsch
1034 1687 41 21 zu

78 1725 102 32 Ende.
228 1726 90 32 Fritz
346 1727 205 41 Grinsinger
574 1727 68 32 hält
670 1727 77 41 sich,
781 1729 88 31 einer
893 1727 181 35 Ohnmacht

78 1778 93 41 nahe,
197 1789 39 22 an
262 1780 101 32 einem
387 1779 138 41 Stuhle.)

13 1831 171 33 Madame
210 1832 230 41 Grinsinger
463 1832 67 43 (für
553 1832 95 43 sich):
674 1836 41 30 Je
738 1846 52 21 me
805 1837 119 30 sauve!
948 1853 41 5 —
1014 1835 59 32 Ich

77 1885 63 40 geh
163 1885 63 33 los!
257 1887 52 40 (de
339 1888 85 31 Rose
453 1887 69 32 hält
545 1888 67 32 sich
636 1888 33 32 in
692 1888 220 34 Bereitschaft
934 1899 52 22 um
1010 1889 61 33 No-
