1 1
579 62 42 4 —
669 45 44 34 50
755 47 47 26 —

219 142 134 41 gefällig
377 152 39 22 an
441 143 64 30 und
529 141 183 33 betrachtet
735 142 70 32 sich
827 142 42 31 im
894 141 154 41 Spiegel).
1074 143 31 31 Il
1124 143 55 40 n'y
1194 153 24 21 a

213 207 68 30 pas
303 195 23 32 à
348 198 83 35 dire,
458 205 33 22 es
515 196 79 39 geht
617 195 58 32 m'r
699 195 61 32 wie
785 204 194 31 angemesse,
1006 205 33 23 es
1063 197 77 39 geht
1160 196 58 32 m'r

218 260 59 22 zue
300 251 87 38 guet.
415 267 39 3 —
479 249 82 32 Was
593 248 49 33 for
671 258 16 23 e
719 248 123 34 Gfüehl
873 249 75 32 dass
978 249 56 32 m'r
1066 250 39 32 do
1134 250 81 40 hett,

217 305 121 30 wenn’s
351 303 117 32 heisst:
496 302 216 42 Grinsinger,
738 303 129 41 officier
890 302 213 33 d'académie.
1128 303 87 32 Frau

218 356 149 41 (umarmt
390 356 59 40 sie)
484 357 74 39 gell,
585 357 65 31 diss
674 357 98 32 hesch
806 357 41 31 dü
879 357 49 30 nit
957 357 151 39 gedenkt,
1142 357 73 32 dass

218 411 90 32 diner
331 411 101 32 Mann
457 411 24 31 ’s
506 410 81 33 emol
611 420 33 22 so
669 410 73 32 witt
765 409 132 41 bringt?
923 428 41 3 —

150 474 184 32 Madame
360 473 268 40 Grinsinger:
659 473 83 33 C’est
765 474 86 39 vrai,
878 474 24 30 ’s
926 473 68 32 isch
1018 473 99 33 wohr.

150 537 119 31 Fritz
295 536 268 40 Grinsinger:
605 535 52 40 So,
690 545 64 22 unn
781 534 85 41 jetzt
896 535 161 32 mach’sch
1087 536 58 31 m’r
1175 546 40 21 en

217 593 179 34 attendant,
423 599 16 22 e
464 590 144 31 Bändele
632 599 41 22 an
696 589 83 31 mine
811 588 211 33 Schloofrock
1045 598 65 22 unn
1135 588 78 32 ein’s

216 644 68 31 an’s
308 642 237 34 Schloofhemd.

148 707 180 31 Madame
351 705 269 41 Grinsinger:
646 706 83 31 An’s
742 704 267 34 Schloofhemd?!
1024 723 41 3 —
1078 705 134 32 Worum

216 761 83 30 denn
324 758 88 33 diss?
438 760 47 31 Im
510 758 228 34 Schloofhemd
763 759 84 31 sieht
864 759 31 31 di
914 759 80 32 doch
1020 758 136 32 niemes!
1171 776 41 4 —

148 823 114 32 Fritz
287 821 267 40 Grinsinger:
581 822 91 39 Was,
696 821 56 32 bin
776 821 53 32 ich
852 831 65 21 unn
934 822 42 30 dü
994 822 48 30 d'r
1058 820 153 33 Niemes?

214 877 54 39 Ja,
293 886 66 21 unn
381 875 57 32 bin
460 876 52 31 ich
536 875 48 32 nit
613 876 80 39 grad
717 884 34 23 so
782 876 78 39 guet
885 874 172 40 dekoriert,
1082 884 94 22 wenn
1200 874 10 32 i

214 929 132 40 schloof,
371 930 61 31 wie
457 939 93 22 wenn
574 929 11 31 i
608 927 131 34 wach?!

147 993 182 31 Madame
356 991 264 40 Grinsinger:
657 991 77 32 Diss
762 991 68 32 isch
862 1000 40 23 au
931 991 99 39 wohr,
1061 991 52 32 ich
1143 991 66 31 will

214 1046 85 40 glich
323 1045 85 41 gehn
431 1044 93 33 unn’s
548 1045 115 32 selwer
686 1044 116 40 bsorje.
828 1042 68 43 (ab)

147 1108 118 32 Fritz
290 1108 252 39 Grinsinger
576 1106 196 43 (betrachtet
805 1107 68 31 sich
903 1107 119 31 wieder
1052 1107 58 31 mit
1140 1107 70 31 dem

216 1160 204 41 Bändchen):
460 1161 216 40 Grinsinger,
710 1161 128 41 officier
876 1160 222 32 d'académie!
1132 1160 78 32 Cela

207 1215 72 40 fait
304 1216 147 39 plaisir!
502 1215 77 32 Cela
603 1215 73 39 fait
708 1215 147 40 plaisir!
907 1214 81 40 (Das
1035 1214 176 32 Bändchen

214 1270 120 32 wieder
358 1267 207 42 ausziehend)
588 1269 292 32 Vorsichtshalwer
903 1268 94 32 welle
1024 1269 60 31 m’r
1100 1268 25 31 ’s
1142 1277 68 23 vor-

213 1323 88 39 laifig
325 1323 123 31 widder
471 1323 153 39 üszeihje.

149 1386 192 39 Auguste
366 1384 114 42 (durch
506 1385 51 31 die
581 1385 106 40 Mitte,
714 1386 100 30 etwas
831 1384 201 41 angeheitert
1055 1384 64 31 und
1137 1383 74 32 sehr

215 1437 221 42 gesprächig):
463 1439 152 40 Bonjour
633 1439 114 40 papa!

149 1501 118 32 Fritz
292 1500 268 40 Grinsinger:
585 1501 51 31 Eh
661 1501 91 31 bien!
775 1500 73 32 Wie
864 1500 96 31 isch’s
977 1498 146 41 üsgfalle,
1148 1499 63 31 wie

216 1555 93 31 stehn
326 1554 51 31 die
400 1553 127 32 Aktie?

150 1617 206 39 Auguste:
395 1615 103 33 Wie’s
530 1615 254 40 üsgfalle-n-isch
809 1616 121 39 papa?
970 1615 76 31 Wie
1077 1614 133 31 d’Aktie

217 1668 116 33 stehn?
359 1668 42 33 So
426 1679 64 21 unn
514 1678 45 23 so.
585 1669 81 31 Vom
691 1667 288 33 wisseschaftliche
1004 1667 208 40 Standpunkt

217 1726 37 28 üs
284 1722 57 32 bin
369 1723 52 31 ich
451 1723 58 30 mit
538 1722 74 31 mim
634 1722 151 32 Resultat
817 1720 153 40 zefridde,
1003 1730 94 30 sogar
1120 1720 91 31 recht

218 1775 153 40 zefridde,
396 1775 91 32 recht
510 1774 153 33 zefridde.

151 1829 116 32 Fritz
293 1828 248 40 Grinsinger
558 1826 64 44 (für
638 1827 97 40 sich):
750 1828 29 31 E
796 1828 273 39 merkwüerdiger
1080 1826 127 39 Frejer!

219 1880 94 43 (laut)
336 1882 82 31 Was
434 1882 59 39 lejt
508 1882 60 31 mir
584 1882 48 30 d'r
647 1880 268 33 wisseschaftlich
933 1879 207 40 Standpunkt
1155 1879 52 31 an!
