1 1
578 52 41 4 —
667 38 41 28 94
757 52 40 4 —

154 134 46 31 de
224 134 123 31 Rose:
373 132 53 40 Ja,
449 131 45 40 ja,
516 131 52 40 ja!
596 149 41 5 —
662 133 46 30 Le
730 140 146 33 manger
892 135 46 29 est
955 131 115 33 là-bas.
1096 131 125 43 (deutet

221 185 59 34 auf
302 187 56 31 das
380 183 123 43 Büffet)
527 185 139 33 Là-bas.
697 203 23 3 —
736 186 167 40 Manger!
927 185 121 41 (macht
1064 185 156 33 ebenfalls

223 240 51 31 die
300 239 102 33 Geste
428 239 56 31 des
506 237 137 42 Essens)
667 239 53 40 Ja,
743 237 44 42 ja,
809 239 52 39 ja!

155 303 118 32 Fritz
298 301 268 40 Grinsinger:
593 300 28 34 O
647 302 97 39 Weh,
765 300 86 40 jetzt
874 301 79 32 hett'
979 302 67 31 ses!

155 366 112 32 Hans
293 364 251 40 Grinsinger
569 365 71 40 (der
664 363 68 33 sich
753 364 189 40 umgedreht
958 365 65 31 und
1041 365 56 31 das
1113 363 109 32 Büffet

223 418 139 32 erblickt
384 415 85 44 hat):
505 417 78 32 Alle
607 418 144 32 Wetter!
792 418 34 31 Is
857 418 57 31 das
939 427 16 22 e
979 417 132 32 Bellwi!
1152 416 74 33 Auf

224 482 57 22 zur
304 472 161 32 Attacke!

156 534 113 32 Fritz
295 533 256 41 Grinsinger
575 533 66 41 (für
664 533 98 41 sich):
814 533 50 43 Ça
893 545 28 30 y
955 535 63 31 est!
1053 551 42 4 —
1134 533 90 40 Adje

223 589 233 41 buffet-froid!
479 606 41 3 —

157 651 111 32 Hans
294 650 246 40 Grinsinger
579 649 71 40 (mit
687 647 152 44 Humor):
879 650 83 31 Dem
1002 649 125 39 Schuft,
1169 649 55 32 der

224 714 115 22 unsere
368 703 154 32 Ankunft
545 705 150 31 verraten
718 704 66 39 hat,
817 704 46 31 sei
886 704 187 31 verziehen!
1106 703 118 32 Weess

225 758 220 40 Kneppchen!
478 757 155 42 (Mustert
664 758 56 31 das
752 755 122 45 Büffet)
903 757 82 33 Gott
1019 756 203 33 Strambach!

225 812 256 32 Hummersalat!
511 812 147 31 Pastete!
688 812 120 31 Lachs!
845 811 173 32 Rebhuhn!
1055 810 167 33 Worscht!

225 865 137 33 Wieder
384 865 173 32 Worscht!
586 883 40 4 —
651 865 52 32 Da
727 864 84 33 läuft
834 874 39 23 en
900 864 37 40 ja
967 865 25 32 ’s
1016 865 136 31 Wasser
1182 864 42 31 im

226 919 122 32 Munde
373 919 154 32 zusamm!
563 919 119 32 Komm
706 919 33 31 in
762 918 103 33 meine
889 919 110 39 Arme,
1025 918 130 32 Vetter!
1182 936 41 4 —

160 982 116 32 Fritz
302 981 258 40 Grinsinger:
585 981 48 32 Es
656 983 115 38 grüüst
794 981 58 31 m’r
875 990 92 31 ganz.

160 1045 111 32 Hans
289 1044 262 40 Grinsinger:
565 1044 76 33 Und
654 1054 44 21 nu
710 1044 139 32 sollstde
865 1053 68 22 was
949 1042 130 33 erläben
1091 1043 133 32 Vetter!

227 1097 47 42 (in
298 1098 62 31 den
391 1097 126 34 Garten
551 1096 128 42 rufend)
726 1098 93 39 Rein,
858 1097 57 32 Ihr
946 1096 278 33 Sachsenbrüder!

229 1150 122 34 Strömt
373 1151 112 32 herbei
500 1151 57 32 Ihr
575 1152 273 31 Völkerscharen!
876 1150 76 42 (Die
969 1150 186 40 Mitglieder
1171 1151 56 31 des

230 1204 269 34 Sachsenbundes
523 1206 140 31 strömen
686 1204 126 40 herbei)

163 1268 118 32 Fritz
306 1267 241 41 Grinsinger
572 1266 67 42 (für
662 1266 96 43 sich):
785 1267 29 33 O
839 1268 85 32 weh!

163 1332 111 31 Hans
292 1330 244 41 Grinsinger
549 1329 142 42 (lustig):
714 1330 113 32 Auf in
840 1331 62 31 den
932 1325 91 51 Kampf
1055 1325 172 51 Toreador!

164 1384 108 32 Fritz
298 1383 234 42 Grinsinger
557 1383 66 42 (für
647 1383 97 41 sich):
770 1383 90 40 Adje
882 1383 124 33 Partie!

164 1447 107 32 Hans
297 1446 232 40 Grinsinger
554 1445 71 43 (mit
647 1447 152 39 Pathos):
840 1446 230 33 Stillentzium!
1118 1445 112 32 Liewe

232 1498 288 33 Sachsenbrieder!
539 1500 57 31 Ihr
608 1499 79 32 habt
695 1499 85 40 jetzt
792 1501 51 30 ’ne
853 1500 153 39 schwere,
1018 1498 212 41 strategische

231 1552 155 41 Uffgabe!
427 1553 93 40 Hier,
557 1551 125 43 (deutet
713 1552 58 33 auf
797 1554 57 31 das
882 1550 123 43 Büffet)
1045 1552 55 32 där
1134 1551 97 33 Tisch

232 1606 58 32 mit
312 1606 62 32 den
398 1605 107 33 feinen
530 1605 127 34 Sachen
679 1607 27 31 üs
723 1616 78 23 eene
818 1606 172 32 feindliche
1006 1605 155 40 Batterie,
1181 1605 50 31 die

233 1660 157 39 Dippeler
415 1658 183 34 Schanzen!
652 1657 140 43 (lachen)
832 1660 91 32 Jetzt
946 1659 87 40 zeigt
1057 1659 78 31 Eire
1151 1657 80 34 Cou-

233 1721 86 30 rage.
357 1713 69 32 Das
442 1714 179 31 Vaterland
638 1714 156 39 verlangt,
814 1714 72 31 dass
901 1712 94 40 jeder
1011 1712 87 32 seine
1114 1711 119 33 Pflicht

234 1766 64 32 tut!
324 1765 142 34 Gewehr
490 1776 58 22 zur
571 1767 146 31 Attacke
741 1766 122 32 rechts!
903 1766 146 32 Marsch!
1086 1765 144 31 Marsch!

233 1819 148 32 Hurrah!
408 1818 60 43 (Er
491 1821 106 31 stürzt
621 1820 68 32 sich
707 1819 59 32 auf
780 1820 57 31 das
854 1819 118 40 Büffet,
989 1819 62 32 alle
1066 1819 64 31 ihm
1151 1817 81 33 nach

235 1874 94 30 unter
353 1873 121 31 lautem
499 1870 242 43 Hurrahrufen)
