1 1
445 63 41 4 —
535 49 39 28 59
626 63 49 8 —

10 144 119 41 Olga:
155 144 142 39 Awwer,
323 153 67 22 was
414 143 111 31 mache
550 141 55 34 Sie
629 141 107 33 denn?
773 161 41 3 —
854 141 55 35 Sie
948 143 64 31 han
1043 143 35 39 jo

75 207 100 23 ewwe
200 197 142 32 d’Breite
367 197 101 31 schun
490 205 154 31 gemesse;
670 194 81 42 (Für
767 195 82 41 sich)
873 197 82 31 Was
979 197 99 31 hett’r

76 252 83 31 denn
183 249 149 33 numme?

8 314 208 40 Auguste:
243 314 56 31 Ah
330 312 126 41 richtig,
488 314 75 30 c’est
578 312 112 40 juste!
721 311 129 42 (Steckt
875 312 56 32 das
954 313 120 31 Meter-

71 377 84 22 mass
181 367 60 39 ein,
271 366 111 32 nimmt
421 366 62 31 den
515 365 197 32 Bandmeter
751 366 64 31 und
858 365 105 40 misst)
1003 366 76 33 Um-

77 420 79 40 fang
181 419 124 40 fünfzig
328 420 138 31 Komma
490 418 121 32 sieben.

9 482 120 41 Olga:
154 482 143 40 Umfang
322 480 125 41 fünfzig
469 481 139 32 Komma
632 481 120 32 sieben.

8 545 196 40 Auguste
227 543 96 42 (Hält
347 544 56 32 das
420 544 191 31 Metermass
636 543 64 32 fest
717 543 64 32 und
799 545 171 39 umspannt
986 543 94 33 ihren

71 597 97 41 Kopf
199 598 146 31 verklärt
380 597 56 32 mit
467 597 62 32 den
559 597 117 32 beiden
711 596 169 41 Händen):
943 597 82 32 Was
1063 607 17 22 e

76 651 135 33 Gfüehl!
252 651 82 32 Was
366 661 17 22 e
415 650 127 33 Glüeck
572 651 70 32 ihre
670 650 97 40 Kopf
795 651 33 31 in
852 650 83 33 mine
960 651 120 32 Hände

75 715 37 22 ze
135 705 105 32 halte!

9 768 113 41 Olga:
149 769 134 31 Awwer
306 768 87 32 Herr
416 768 159 40 Auguste,
605 777 68 22 was
696 767 64 31 han
794 765 55 35 Sie
880 767 93 40 denn,
1005 767 73 31 dass

78 821 55 34 Sie
156 822 83 31 mine
263 820 96 41 Kopf
381 831 16 21 e
422 831 34 22 so
481 820 106 33 fescht
611 819 115 34 hewe?

14 885 204 39 Auguste:
245 885 25 31 ’s
294 883 69 33 isch
387 883 175 41 wäje-n-'m
586 886 129 29 volume
739 907 7 7 .
772 908 7 7 .
806 907 7 8 .
839 907 29 16 .,
905 882 174 41 wäje-n-'m

77 937 152 40 Umfang.

11 1000 107 41 Olga
141 998 65 44 (für
229 1000 99 41 sich):
353 1001 70 31 Zue
447 1000 264 41 merikwüerdig!

11 1063 196 41 Auguste
232 1062 120 42 (steckt
377 1063 55 32 das
449 1064 90 31 Mass
562 1063 123 32 wieder
707 1063 34 32 in
766 1063 51 31 die
833 1062 134 40 Tasche,
993 1062 86 31 zieht

78 1117 55 32 das
165 1118 191 31 Metermass
386 1117 120 32 wieder
536 1117 118 32 hervor
676 1117 66 31 und
766 1116 91 32 misst
879 1116 123 32 wieder
1026 1116 52 31 die

77 1168 144 43 Breite):
258 1171 113 32 Breite
398 1171 153 31 vierzehn
574 1170 140 32 Komma
742 1170 120 32 sieben.

10 1232 118 41 Olga:
156 1233 133 31 Awwer
311 1233 88 31 Herr
422 1233 159 40 Auguste,
607 1242 67 22 was
699 1231 83 33 fehlt
807 1233 49 31 'ne
878 1232 93 40 denn,
994 1231 85 40 jetzt

75 1296 102 22 messe
202 1285 54 33 Sie
281 1286 144 32 d’Breite
445 1285 35 41 jo
512 1286 100 32 schun
643 1296 90 22 zuem
759 1286 97 31 dritte
880 1284 92 33 Mol?
1020 1284 58 33 Sin

77 1338 55 34 Sie
156 1340 84 31 denn
264 1338 128 33 krank?

8 1402 188 40 Auguste
221 1401 72 43 (vor
315 1402 51 32 ihr
383 1402 58 32 auf
464 1402 51 32 die
535 1402 89 32 Knie
648 1399 165 44 sinkend):
840 1402 28 33 O
890 1401 46 40 ja,
963 1404 116 29 made-

76 1458 147 30 moiselle
247 1456 93 40 Olga,
366 1456 52 32 ich
441 1455 56 33 bin
520 1458 114 37 krank,
660 1456 69 40 arig
752 1456 121 32 krank!

13 1508 121 41 Olga:
159 1509 65 33 Wo
250 1509 109 33 fehlt's
383 1519 40 23 ne
448 1508 106 34 denn?

10 1563 192 40 Auguste
226 1562 218 43 (wehmütig):
470 1564 66 31 Am
559 1564 118 39 Herze,
708 1564 247 31 mademoiselle
979 1562 98 40 Olga!

15 1615 116 41 Olga:
156 1617 51 32 Do
231 1617 116 31 müehn
365 1617 54 33 Sie
443 1626 119 22 awwer
585 1617 122 32 schnell
731 1627 91 21 zuem
842 1617 126 31 Dokter
984 1617 94 38 gehn.

10 1670 212 39 Auguste:
250 1670 54 33 Sie
328 1671 50 31 sin
402 1671 49 31 d'r
475 1670 179 41 einzigscht
669 1670 136 40 Dokter,
830 1670 62 32 wie
916 1669 59 32 m’r
990 1668 87 33 helfe

75 1724 102 30 kann!
214 1724 251 32 Mademoiselle
500 1723 102 40 Olga,
640 1723 54 33 Sie
730 1724 116 32 müehn
882 1723 75 31 mini
993 1723 86 31 Frau

80 1777 103 31 wäre!

16 1829 115 32 Fritz
156 1829 255 41 Grinzinger
433 1828 115 44 (durch
572 1831 51 31 die
639 1831 67 31 Tür
721 1831 85 31 links
830 1828 140 43 herein):
997 1829 81 40 Oho,

77 1892 67 23 was
167 1883 69 33 isch
260 1882 90 34 diss?
