1 1
582 40 45 30 —
669 40 45 28 58
751 50 50 18 —

156 137 119 40 Olga:
301 138 43 30 Et
367 138 82 36 bien,
474 135 118 33 babble
617 134 54 33 Sie
695 144 135 23 numme.

155 200 192 40 Auguste
383 195 160 44 (abseits):
585 198 66 32 Sac
682 197 23 31 à
733 198 134 39 papier,
900 197 50 31 die
985 195 94 33 Affär
1113 197 107 33 macht

221 253 84 32 mich
328 252 171 32 schwitze!
547 252 73 30 Wie
651 251 49 31 die
730 250 85 33 Sach
839 249 172 41 angriffe?!
1043 251 62 37 Ah,
1131 252 88 30 mais

221 308 64 36 oui,
315 306 52 32 ich
396 306 118 31 mach's
542 305 61 31 wie
634 304 53 32 bie
712 303 48 33 d'r
783 305 263 30 mademoisselle
1073 303 146 33 Rièmer.

156 368 118 40 Olga:
300 367 54 34 Sie
378 368 112 31 mache
514 367 83 32 mich
621 376 82 31 ganz
727 367 150 39 gspannt.

154 432 208 39 Auguste:
393 431 51 30 Eh
468 431 82 36 bien,
576 429 50 32 die
651 428 84 33 Sach
759 429 68 31 isch
852 428 203 32 einfach...
1081 428 51 33 ich
1156 431 65 30 sott

221 484 139 32 nämlich
383 483 179 40 unbedingt
576 483 84 32 noch
683 482 80 32 emol's
683 482 80 32 emol's
778 479 126 45 Mess
921 492 64 21 vun
1000 482 107 32 Ihrem
1128 482 96 40 Kopf

220 537 207 33 verriviziere
451 537 84 39 wäje
560 537 48 31 d'r
630 536 224 40 Berechnung.

156 600 123 41 Olga:
305 600 65 40 Ah,
396 599 122 33 wenn’s
541 599 167 32 wittersch
731 599 56 31 nix
811 599 77 39 isch,
921 608 66 22 um
1018 599 38 31 do
1088 598 132 40 d’rwäje

223 654 112 32 mache
359 653 55 33 Sie
438 662 35 23 so
498 663 16 21 e
538 651 203 33 Läwesdaa?

156 727 198 40 Auguste:
380 725 58 32 Ich
461 725 63 32 hab
548 724 150 41 gemeint,
727 724 63 32 wie
814 723 55 34 Sie
894 724 48 31 d'r
964 725 92 31 Huet
1079 723 47 33 uff
1146 724 73 40 han,

223 780 73 32 dass
320 779 138 32 verlicht
482 803 7 8 .
516 803 6 7 .
549 803 7 7 .
582 804 7 6 .

156 851 121 40 Olga:
308 851 112 41 Quelle
442 849 80 41 idée,
548 850 102 32 denne
663 849 89 40 zehjt
764 850 58 31 m'r
843 849 127 33 einfach
988 849 39 32 ab
1044 849 99 40 (zieht
1160 849 61 32 den

222 906 72 31 Hut
324 904 39 32 ab
395 904 64 32 und
490 904 84 32 setzt
604 903 69 33 sich
697 903 58 32 auf
784 903 91 32 einen
899 901 119 42 Stuhl).
1066 903 90 40 Also,
1182 914 39 20 en

222 960 122 30 avant!

156 1022 190 40 Auguste
392 1019 101 43 (zieht
551 1021 55 32 das
652 1021 191 32 Metermass
896 1017 145 43 heraus):
1110 1020 111 40 Quelle

223 1075 151 32 émotion.
420 1074 92 33 Noch
542 1074 52 32 nie
624 1074 33 31 in
685 1074 73 31 mim
782 1074 100 31 Läwe
906 1074 125 31 hawich
1056 1083 16 22 e
1097 1083 34 22 so
1156 1078 72 27 e-n-

221 1128 185 40 Uffreijung
429 1128 140 40 gspiert!
611 1128 58 31 Bie
694 1128 38 31 de
760 1126 461 41 schwerschte-n-Operatione

223 1182 63 32 nit!
311 1182 59 32 Nit
394 1182 81 32 emol
497 1181 96 33 bie'm
617 1180 241 34 Staatsexame!

157 1245 120 40 Olga:
304 1244 108 32 Wenn
426 1243 55 33 Sie
504 1244 103 40 welle,
633 1244 104 32 notier
759 1243 52 32 ich
829 1243 134 32 d’Zahle
987 1241 59 41 (sie
1063 1242 88 33 zieht
1170 1243 51 31 ein

222 1297 182 33 Notizbuch
429 1306 56 23 aus
510 1297 56 32 der
588 1296 148 42 Tasche).

156 1361 202 39 Auguste:
384 1360 109 32 Wenn
514 1358 55 34 Sie
585 1369 35 23 so
635 1361 79 38 guet
736 1359 94 31 welle
854 1358 58 32 sin.
944 1357 65 42 (für
1025 1357 79 41 sich)
1131 1357 90 33 Grad

224 1413 128 40 d’Frau,
377 1413 62 32 wie
463 1413 51 31 ich
538 1413 46 31 sie
608 1413 59 31 mir
690 1412 168 32 wüensch!
906 1411 61 41 (Er
997 1411 93 41 fängt
1117 1421 41 22 an
1181 1422 40 22 zu

223 1465 137 42 messen)
386 1467 110 31 Breite
520 1467 154 31 vierzehn
696 1467 138 31 Komma
858 1465 120 33 sieben.

158 1530 102 40 Olga
284 1527 209 43 (notierend):
518 1529 164 32 Vierzehn
705 1529 139 32 Komma
867 1528 118 32 sieben.

156 1593 210 39 Auguste:
392 1593 73 30 Bon
487 1593 85 36 dieu,
599 1593 103 39 quelle
726 1591 161 32 émotion!
911 1588 48 43 (er
981 1590 92 32 misst
1094 1587 127 43 weiter)

223 1645 113 39 Länge
360 1644 152 32 siebzehn
536 1645 137 31 Komma
698 1645 101 31 sechs.

159 1706 104 41 Olga
287 1705 209 42 (notierend):
522 1705 161 33 Siebzehn
706 1706 139 32 Komma
868 1706 102 31 sechs.

159 1769 192 39 Auguste
376 1768 67 41 (für
466 1766 96 44 sich):
603 1769 47 32 Es
673 1769 78 39 geht
775 1769 79 31 alles
878 1768 57 31 mit
958 1767 58 32 m'r
1038 1768 42 31 im
1103 1767 118 39 Ringel

224 1824 102 29 erum!
352 1822 57 32 Ich
432 1822 92 39 mein,
550 1822 52 31 ich
626 1822 55 31 bin
697 1820 87 33 uff'm
800 1822 191 31 carrousel!
1021 1819 104 42 (misst
1140 1820 81 32 noch

225 1875 114 32 einmal
363 1875 50 32 die
437 1874 123 42 Breite)
584 1875 110 32 Breite
719 1874 151 33 vierzehn
893 1874 140 33 Komma
1055 1873 118 33 sieben.
