<alto xmlns="http://www.loc.gov/standards/alto/ns-v3#" xmlns:xlink="http://www.w3.org/1999/xlink" xmlns:xsi="http://www.w3.org/2001/XMLSchema-instance" xmlns:xs="http://www.w3.org/2001/XMLSchema" xsi:schemaLocation="http://www.loc.gov/standards/alto/ns-v4# https://www.loc.gov/standards/alto/v4/alto.xsd">
  <Description>
    <MeasurementUnit>pixel</MeasurementUnit>
    <sourceImageInformation>
      <fileName/>
    </sourceImageInformation>
    <OCRProcessing ID="IdOcr">
      <ocrProcessingStep>
        <processingSoftware>
          <softwareName>tesseract 4.1.0</softwareName>
        </processingSoftware>
      </ocrProcessingStep>
    </OCRProcessing>
  </Description>
  <Styles><TextStyle ID="font0" FONTSIZE="38.054386" FONTFAMILY="jbnolc+helvetica-bold" FONTTYPE="sans-serif" FONTWIDTH="proportional" FONTCOLOR="#WWWWff" FONTSTYLE="bold"/><TextStyle ID="font1" FONTSIZE="42.0" FONTFAMILY="jbnolc+helvetica-bold" FONTTYPE="sans-serif" FONTWIDTH="proportional" FONTCOLOR="#WWWWff" FONTSTYLE="bold"/><TextStyle ID="font2" FONTSIZE="42.368599" FONTFAMILY="jbnolc+helvetica-bold" FONTTYPE="sans-serif" FONTWIDTH="proportional" FONTCOLOR="#WWWWff" FONTSTYLE="bold"/><TextStyle ID="font3" FONTSIZE="41.0" FONTFAMILY="jbnolc+helvetica-bold" FONTTYPE="sans-serif" FONTWIDTH="proportional" FONTCOLOR="#WWWWff" FONTSTYLE="bold"/><TextStyle ID="font4" FONTSIZE="39.0" FONTFAMILY="jbnolc+helvetica-bold" FONTTYPE="sans-serif" FONTWIDTH="proportional" FONTCOLOR="#WWWWff" FONTSTYLE="bold"/><TextStyle ID="font5" FONTSIZE="40.0" FONTFAMILY="jbnolc+helvetica-bold" FONTTYPE="sans-serif" FONTWIDTH="proportional" FONTCOLOR="#WWWWff" FONTSTYLE="bold"/><TextStyle ID="font6" FONTSIZE="38.55394" FONTFAMILY="jbnolc+helvetica-bold" FONTTYPE="sans-serif" FONTWIDTH="proportional" FONTCOLOR="#WWWWff" FONTSTYLE="bold"/><TextStyle ID="font7" FONTSIZE="43.0" FONTFAMILY="jbnolc+helvetica-bold" FONTTYPE="sans-serif" FONTWIDTH="proportional" FONTCOLOR="#WWWWff" FONTSTYLE="bold"/><TextStyle ID="font8" FONTSIZE="40.961269" FONTFAMILY="jbnolc+helvetica-bold" FONTTYPE="sans-serif" FONTWIDTH="proportional" FONTCOLOR="#WWWWff" FONTSTYLE="bold"/></Styles><Layout>
    <Page ID="page_1" PHYSICAL_IMG_NR="1" HEIGHT="1" WIDTH="1">
      <PrintSpace HEIGHT="1" WIDTH="1" VPOS="0" HPOS="0">
        <ComposedBlock ID="carea_1_1" HEIGHT="1878" WIDTH="1078" VPOS="33" HPOS="21">
          <TextBlock ID="par_1_1" HEIGHT="33" WIDTH="227" VPOS="33" HPOS="446">
            <TextLine ID="line_1_1" HEIGHT="457" WIDTH="NaN" VPOS="-11" HPOS="0.005">
              <String ID="word_1_1" CONTENT="&#8212;" HEIGHT="28" WIDTH="45" VPOS="33" HPOS="446" WC="0.13" STYLEREFS="font0"/>
              <String ID="word_1_2" CONTENT="67" HEIGHT="33" WIDTH="48" VPOS="33" HPOS="533" WC="0.13" STYLEREFS="font0"/>
              <String ID="word_1_3" CONTENT="&#8212;" HEIGHT="20" WIDTH="50" VPOS="40" HPOS="623" WC="0.13" STYLEREFS="font0"/>
            </TextLine>
          </TextBlock>
          <TextBlock ID="par_1_2" HEIGHT="42" WIDTH="1065" VPOS="126" HPOS="22">
            <TextLine ID="line_1_2" HEIGHT="29" WIDTH="NaN" VPOS="-7" HPOS="-0.002">
              <String ID="word_1_4" CONTENT="Fritz" HEIGHT="33" WIDTH="110" VPOS="128" HPOS="22" WC="0.93" STYLEREFS="font1"/>
              <String ID="word_1_5" CONTENT="Grinsinger:" HEIGHT="40" WIDTH="249" VPOS="127" HPOS="157" WC="0.92" STYLEREFS="font1"/>
              <String ID="word_1_6" CONTENT="Du" HEIGHT="32" WIDTH="55" VPOS="127" HPOS="432" WC="0.96" STYLEREFS="font1"/>
              <String ID="word_1_7" CONTENT="brauchst" HEIGHT="33" WIDTH="155" VPOS="126" HPOS="509" WC="0.96" STYLEREFS="font1"/>
              <String ID="word_1_8" CONTENT="keine" HEIGHT="32" WIDTH="95" VPOS="127" HPOS="679" WC="0.96" STYLEREFS="font1"/>
              <String ID="word_1_9" CONTENT="Angst" HEIGHT="40" WIDTH="110" VPOS="128" HPOS="792" WC="0.95" STYLEREFS="font1"/>
              <String ID="word_1_10" CONTENT="zu" HEIGHT="21" WIDTH="40" VPOS="138" HPOS="917" WC="0.95" STYLEREFS="font1"/>
              <String ID="word_1_11" CONTENT="haben." HEIGHT="32" WIDTH="114" VPOS="128" HPOS="973" WC="0.96" STYLEREFS="font1"/>
            </TextLine>
          </TextBlock>
          <TextBlock ID="par_1_3" HEIGHT="87" WIDTH="1067" VPOS="180" HPOS="21">
            <TextLine ID="line_1_3" HEIGHT="30" WIDTH="NaN" VPOS="-9" HPOS="0">
              <String ID="word_1_12" CONTENT="Ehrstein:" HEIGHT="32" WIDTH="202" VPOS="182" HPOS="21" WC="0.92" STYLEREFS="font1"/>
              <String ID="word_1_13" CONTENT="Gewiss!" HEIGHT="33" WIDTH="143" VPOS="180" HPOS="250" WC="0.92" STYLEREFS="font1"/>
              <String ID="word_1_14" CONTENT="So" HEIGHT="33" WIDTH="42" VPOS="180" HPOS="421" WC="0.96" STYLEREFS="font1"/>
              <String ID="word_1_15" CONTENT="wie" HEIGHT="31" WIDTH="62" VPOS="181" HPOS="488" WC="0.96" STYLEREFS="font1"/>
              <String ID="word_1_16" CONTENT="ich" HEIGHT="32" WIDTH="52" VPOS="181" HPOS="568" WC="0.96" STYLEREFS="font1"/>
              <String ID="word_1_17" CONTENT="Herrn" HEIGHT="31" WIDTH="109" VPOS="182" HPOS="636" WC="0.93" STYLEREFS="font1"/>
              <String ID="word_1_18" CONTENT="Grinsinger" HEIGHT="42" WIDTH="193" VPOS="180" HPOS="763" WC="0.92" STYLEREFS="font1"/>
              <String ID="word_1_19" CONTENT="kenne," HEIGHT="39" WIDTH="115" VPOS="183" HPOS="973" WC="0.96" STYLEREFS="font1"/>
            </TextLine>
            <TextLine ID="line_1_4" HEIGHT="87" WIDTH="NaN" VPOS="0" HPOS="-0.002">
              <String ID="word_1_20" CONTENT="ist" HEIGHT="32" WIDTH="44" VPOS="235" HPOS="87" WC="0.96" STYLEREFS="font2"/>
              <String ID="word_1_21" CONTENT="das" HEIGHT="31" WIDTH="57" VPOS="236" HPOS="156" WC="0.96" STYLEREFS="font2"/>
              <String ID="word_1_22" CONTENT="nicht" HEIGHT="31" WIDTH="90" VPOS="235" HPOS="236" WC="0.96" STYLEREFS="font2"/>
              <String ID="word_1_23" CONTENT="zu" HEIGHT="22" WIDTH="40" VPOS="244" HPOS="349" WC="0.96" STYLEREFS="font2"/>
              <String ID="word_1_24" CONTENT="bef&#252;rchten." HEIGHT="33" WIDTH="204" VPOS="233" HPOS="413" WC="0.96" STYLEREFS="font2"/>
            </TextLine>
          </TextBlock>
          <TextBlock ID="par_1_4" HEIGHT="43" WIDTH="914" VPOS="295" HPOS="22">
            <TextLine ID="line_1_5" HEIGHT="30" WIDTH="NaN" VPOS="-8" HPOS="-0.001">
              <String ID="word_1_25" CONTENT="Fritz" HEIGHT="33" WIDTH="109" VPOS="297" HPOS="22" WC="0.93" STYLEREFS="font1"/>
              <String ID="word_1_26" CONTENT="Grinsinger" HEIGHT="39" WIDTH="242" VPOS="297" HPOS="156" WC="0.92" STYLEREFS="font1"/>
              <String ID="word_1_27" CONTENT="(f&#252;r" HEIGHT="43" WIDTH="67" VPOS="295" HPOS="421" WC="0.96" STYLEREFS="font1"/>
              <String ID="word_1_28" CONTENT="sich):" HEIGHT="42" WIDTH="98" VPOS="295" HPOS="511" WC="0.93" STYLEREFS="font1"/>
              <String ID="word_1_29" CONTENT="Frecher" HEIGHT="32" WIDTH="143" VPOS="297" HPOS="634" WC="0.92" STYLEREFS="font1"/>
              <String ID="word_1_30" CONTENT="Patron!" HEIGHT="32" WIDTH="137" VPOS="298" HPOS="799" WC="0.96" STYLEREFS="font1"/>
            </TextLine>
          </TextBlock>
          <TextBlock ID="par_1_5" HEIGHT="202" WIDTH="1068" VPOS="359" HPOS="22">
            <TextLine ID="line_1_6" HEIGHT="30" WIDTH="NaN" VPOS="-8" HPOS="0">
              <String ID="word_1_31" CONTENT="Dr." HEIGHT="32" WIDTH="64" VPOS="360" HPOS="22" WC="0.93" STYLEREFS="font3"/>
              <String ID="word_1_32" CONTENT="Kneppchen:" HEIGHT="41" WIDTH="261" VPOS="359" HPOS="110" WC="0.9" STYLEREFS="font3"/>
              <String ID="word_1_33" CONTENT="Interessant" HEIGHT="31" WIDTH="200" VPOS="360" HPOS="397" WC="0.96" STYLEREFS="font3"/>
              <String ID="word_1_34" CONTENT="w&#228;re" HEIGHT="28" WIDTH="87" VPOS="363" HPOS="621" WC="0.96" STYLEREFS="font3"/>
              <String ID="word_1_35" CONTENT="es" HEIGHT="23" WIDTH="34" VPOS="369" HPOS="732" WC="0.95" STYLEREFS="font3"/>
              <String ID="word_1_36" CONTENT="f&#252;r" HEIGHT="32" WIDTH="52" VPOS="359" HPOS="791" WC="0.95" STYLEREFS="font3"/>
              <String ID="word_1_37" CONTENT="die" HEIGHT="32" WIDTH="50" VPOS="360" HPOS="871" WC="0.93" STYLEREFS="font3"/>
              <String ID="word_1_38" CONTENT="Wissen-" HEIGHT="33" WIDTH="144" VPOS="360" HPOS="946" WC="0.9" STYLEREFS="font3"/>
            </TextLine>
            <TextLine ID="line_1_7" HEIGHT="97" WIDTH="NaN" VPOS="-8" HPOS="0">
              <String ID="word_1_39" CONTENT="schaft," HEIGHT="40" WIDTH="116" VPOS="413" HPOS="89" WC="0.96" STYLEREFS="font4"/>
              <String ID="word_1_40" CONTENT="wenn" HEIGHT="22" WIDTH="94" VPOS="423" HPOS="231" WC="0.96" STYLEREFS="font4"/>
              <String ID="word_1_41" CONTENT="nach" HEIGHT="31" WIDTH="82" VPOS="413" HPOS="354" WC="0.96" STYLEREFS="font4"/>
              <String ID="word_1_42" CONTENT="Ihrem" HEIGHT="31" WIDTH="108" VPOS="413" HPOS="466" WC="0.96" STYLEREFS="font4"/>
              <String ID="word_1_43" CONTENT="Ableben," HEIGHT="40" WIDTH="162" VPOS="413" HPOS="604" WC="0.96" STYLEREFS="font4"/>
              <String ID="word_1_44" CONTENT="das" HEIGHT="31" WIDTH="56" VPOS="414" HPOS="799" WC="0.96" STYLEREFS="font4"/>
              <String ID="word_1_45" CONTENT="noch" HEIGHT="32" WIDTH="82" VPOS="414" HPOS="885" WC="0.96" STYLEREFS="font4"/>
              <String ID="word_1_46" CONTENT="lange" HEIGHT="39" WIDTH="95" VPOS="414" HPOS="995" WC="0.96" STYLEREFS="font4"/>
            </TextLine>
            <TextLine ID="line_1_8" HEIGHT="98" WIDTH="NaN" VPOS="-8" HPOS="0.002">
              <String ID="word_1_47" CONTENT="nicht" HEIGHT="32" WIDTH="91" VPOS="467" HPOS="90" WC="0.96" STYLEREFS="font4"/>
              <String ID="word_1_48" CONTENT="eintreten" HEIGHT="31" WIDTH="160" VPOS="467" HPOS="216" WC="0.96" STYLEREFS="font4"/>
              <String ID="word_1_49" CONTENT="m&#246;ge," HEIGHT="35" WIDTH="101" VPOS="471" HPOS="410" WC="0.96" STYLEREFS="font4"/>
              <String ID="word_1_50" CONTENT="auch" HEIGHT="31" WIDTH="82" VPOS="467" HPOS="548" WC="0.96" STYLEREFS="font4"/>
              <String ID="word_1_51" CONTENT="noch" HEIGHT="32" WIDTH="84" VPOS="467" HPOS="664" WC="0.95" STYLEREFS="font4"/>
              <String ID="word_1_52" CONTENT="der" HEIGHT="31" WIDTH="56" VPOS="467" HPOS="787" WC="0.93" STYLEREFS="font4"/>
              <String ID="word_1_53" CONTENT="Rauminhalt" HEIGHT="33" WIDTH="209" VPOS="467" HPOS="881" WC="0.92" STYLEREFS="font4"/>
            </TextLine>
            <TextLine ID="line_1_9" HEIGHT="98" WIDTH="NaN" VPOS="-9" HPOS="0">
              <String ID="word_1_54" CONTENT="Ihres" HEIGHT="31" WIDTH="93" VPOS="521" HPOS="89" WC="0.96" STYLEREFS="font5"/>
              <String ID="word_1_55" CONTENT="Kopfes" HEIGHT="42" WIDTH="130" VPOS="519" HPOS="205" WC="0.96" STYLEREFS="font5"/>
              <String ID="word_1_56" CONTENT="gemessen" HEIGHT="30" WIDTH="166" VPOS="530" HPOS="359" WC="0.96" STYLEREFS="font5"/>
              <String ID="word_1_57" CONTENT="werden" HEIGHT="31" WIDTH="131" VPOS="521" HPOS="549" WC="0.96" STYLEREFS="font5"/>
              <String ID="word_1_58" CONTENT="k&#246;nnte." HEIGHT="31" WIDTH="130" VPOS="522" HPOS="703" WC="0.96" STYLEREFS="font5"/>
            </TextLine>
          </TextBlock>
          <TextBlock ID="par_1_6" HEIGHT="88" WIDTH="1068" VPOS="581" HPOS="22">
            <TextLine ID="line_1_10" HEIGHT="31" WIDTH="NaN" VPOS="-9" HPOS="0">
              <String ID="word_1_59" CONTENT="Fritz" HEIGHT="31" WIDTH="111" VPOS="584" HPOS="22" WC="0.93" STYLEREFS="font3"/>
              <String ID="word_1_60" CONTENT="Grinsinger" HEIGHT="41" WIDTH="232" VPOS="582" HPOS="158" WC="0.91" STYLEREFS="font3"/>
              <String ID="word_1_61" CONTENT="(f&#252;r" HEIGHT="42" WIDTH="67" VPOS="582" HPOS="414" WC="0.96" STYLEREFS="font3"/>
              <String ID="word_1_62" CONTENT="sich):" HEIGHT="42" WIDTH="99" VPOS="581" HPOS="503" WC="0.96" STYLEREFS="font3"/>
              <String ID="word_1_63" CONTENT="Eh" HEIGHT="30" WIDTH="52" VPOS="584" HPOS="628" WC="0.96" STYLE="italics" STYLEREFS="font3"/>
              <String ID="word_1_64" CONTENT="ben" HEIGHT="30" WIDTH="60" VPOS="585" HPOS="703" WC="0.96" STYLE="italics" STYLEREFS="font3"/>
              <String ID="word_1_65" CONTENT="merci," HEIGHT="37" WIDTH="113" VPOS="584" HPOS="786" WC="0.94" STYLE="italics" STYLEREFS="font3"/>
              <String ID="word_1_66" CONTENT="de" HEIGHT="30" WIDTH="40" VPOS="585" HPOS="924" WC="0.96" STYLE="italics" STYLEREFS="font3"/>
              <String ID="word_1_67" CONTENT="mieux" HEIGHT="30" WIDTH="111" VPOS="585" HPOS="979" WC="0.95" STYLE="italics" STYLEREFS="font3"/>
            </TextLine>
            <TextLine ID="line_1_11" HEIGHT="89" WIDTH="NaN" VPOS="0" HPOS="-0.005">
              <String ID="word_1_68" CONTENT="en" HEIGHT="21" WIDTH="40" VPOS="648" HPOS="89" WC="0.95" STYLE="italics" STYLEREFS="font6"/>
              <String ID="word_1_69" CONTENT="mieux" HEIGHT="31" WIDTH="132" VPOS="638" HPOS="151" WC="0.7" STYLE="italics" STYLEREFS="font6"/>
              <String ID="word_1_70" CONTENT="!" HEIGHT="47" WIDTH="16" VPOS="634" HPOS="269" WC="0.85" STYLE="italics" STYLEREFS="font6"/>
            </TextLine>
          </TextBlock>
          <TextBlock ID="par_1_7" HEIGHT="148" WIDTH="1067" VPOS="699" HPOS="23">
            <TextLine ID="line_1_12" HEIGHT="32" WIDTH="NaN" VPOS="-9" HPOS="0.001">
              <String ID="word_1_71" CONTENT="Auguste:" HEIGHT="40" WIDTH="196" VPOS="700" HPOS="23" WC="0.96" STYLEREFS="font3"/>
              <String ID="word_1_72" CONTENT="Die" HEIGHT="32" WIDTH="63" VPOS="699" HPOS="244" WC="0.93" STYLEREFS="font3"/>
              <String ID="word_1_73" CONTENT="Messung" HEIGHT="40" WIDTH="156" VPOS="699" HPOS="332" WC="0.89" STYLEREFS="font3"/>
              <String ID="word_1_74" CONTENT="wird" HEIGHT="32" WIDTH="81" VPOS="699" HPOS="511" WC="0.93" STYLEREFS="font3"/>
              <String ID="word_1_75" CONTENT="n&#228;mlich" HEIGHT="33" WIDTH="138" VPOS="699" HPOS="617" WC="0.91" STYLEREFS="font3"/>
              <String ID="word_1_76" CONTENT="dadurch" HEIGHT="32" WIDTH="143" VPOS="700" HPOS="780" WC="0.91" STYLEREFS="font3"/>
              <String ID="word_1_77" CONTENT="bewerk-" HEIGHT="33" WIDTH="145" VPOS="699" HPOS="945" WC="0.92" STYLEREFS="font3"/>
            </TextLine>
            <TextLine ID="line_1_13" HEIGHT="99" WIDTH="NaN" VPOS="-9" HPOS="0.001">
              <String ID="word_1_78" CONTENT="stelligt," HEIGHT="41" WIDTH="135" VPOS="753" HPOS="90" WC="0.92" STYLEREFS="font3"/>
              <String ID="word_1_79" CONTENT="dass" HEIGHT="32" WIDTH="73" VPOS="753" HPOS="251" WC="0.96" STYLEREFS="font3"/>
              <String ID="word_1_80" CONTENT="man" HEIGHT="22" WIDTH="73" VPOS="763" HPOS="348" WC="0.96" STYLEREFS="font3"/>
              <String ID="word_1_81" CONTENT="den" HEIGHT="32" WIDTH="62" VPOS="753" HPOS="445" WC="0.93" STYLEREFS="font3"/>
              <String ID="word_1_82" CONTENT="hohlen" HEIGHT="33" WIDTH="118" VPOS="753" HPOS="530" WC="0.96" STYLEREFS="font3"/>
              <String ID="word_1_83" CONTENT="Kopf" HEIGHT="41" WIDTH="97" VPOS="753" HPOS="671" WC="0.96" STYLEREFS="font3"/>
              <String ID="word_1_84" CONTENT="mit" HEIGHT="32" WIDTH="58" VPOS="754" HPOS="788" WC="0.93" STYLEREFS="font3"/>
              <String ID="word_1_85" CONTENT="Erbsen" HEIGHT="33" WIDTH="128" VPOS="753" HPOS="868" WC="0.93" STYLEREFS="font3"/>
              <String ID="word_1_86" CONTENT="aus-" HEIGHT="23" WIDTH="71" VPOS="763" HPOS="1019" WC="0.92" STYLEREFS="font3"/>
            </TextLine>
            <TextLine ID="line_1_14" HEIGHT="99" WIDTH="NaN" VPOS="-9" HPOS="0.001">
              <String ID="word_1_87" CONTENT="f&#252;llt," HEIGHT="41" WIDTH="84" VPOS="806" HPOS="90" WC="0.96" STYLEREFS="font5"/>
              <String ID="word_1_88" CONTENT="und" HEIGHT="32" WIDTH="65" VPOS="807" HPOS="200" WC="0.96" STYLEREFS="font5"/>
              <String ID="word_1_89" CONTENT="dann" HEIGHT="31" WIDTH="84" VPOS="807" HPOS="290" WC="0.96" STYLEREFS="font5"/>
              <String ID="word_1_90" CONTENT="die" HEIGHT="32" WIDTH="51" VPOS="807" HPOS="399" WC="0.96" STYLEREFS="font5"/>
              <String ID="word_1_91" CONTENT="Erbsen" HEIGHT="32" WIDTH="127" VPOS="807" HPOS="474" WC="0.96" STYLEREFS="font5"/>
              <String ID="word_1_92" CONTENT="im" HEIGHT="31" WIDTH="43" VPOS="807" HPOS="624" WC="0.93" STYLEREFS="font5"/>
              <String ID="word_1_93" CONTENT="Schoppenmass" HEIGHT="41" WIDTH="257" VPOS="806" HPOS="692" WC="0.92" STYLEREFS="font5"/>
              <String ID="word_1_94" CONTENT="misst!" HEIGHT="32" WIDTH="107" VPOS="807" HPOS="981" WC="0.94" STYLEREFS="font5"/>
            </TextLine>
          </TextBlock>
          <TextBlock ID="par_1_8" HEIGHT="42" WIDTH="615" VPOS="868" HPOS="24">
            <TextLine ID="line_1_15" HEIGHT="33" WIDTH="NaN" VPOS="-9" HPOS="0">
              <String ID="word_1_95" CONTENT="Dr." HEIGHT="31" WIDTH="62" VPOS="870" HPOS="24" WC="0.93" STYLEREFS="font1"/>
              <String ID="word_1_96" CONTENT="Kneppchen:" HEIGHT="40" WIDTH="262" VPOS="870" HPOS="111" WC="0.9" STYLEREFS="font1"/>
              <String ID="word_1_97" CONTENT="Sehr" HEIGHT="34" WIDTH="83" VPOS="868" HPOS="399" WC="0.91" STYLEREFS="font1"/>
              <String ID="word_1_98" CONTENT="richtig!" HEIGHT="40" WIDTH="134" VPOS="869" HPOS="505" WC="0.94" STYLEREFS="font1"/>
            </TextLine>
          </TextBlock>
          <TextBlock ID="par_1_9" HEIGHT="43" WIDTH="1065" VPOS="931" HPOS="24">
            <TextLine ID="line_1_16" HEIGHT="34" WIDTH="NaN" VPOS="-10" HPOS="0">
              <String ID="word_1_99" CONTENT="Ehrstein:" HEIGHT="42" WIDTH="304" VPOS="932" HPOS="24" WC="0.91" STYLEREFS="font7"/>
              <String ID="word_1_100" CONTENT="Wie" HEIGHT="51" WIDTH="73" VPOS="927" HPOS="258" WC="0.96" STYLEREFS="font7"/>
              <String ID="word_1_101" CONTENT="Sie" HEIGHT="33" WIDTH="55" VPOS="931" HPOS="353" WC="0.96" STYLEREFS="font7"/>
              <String ID="word_1_102" CONTENT="sehen," HEIGHT="40" WIDTH="108" VPOS="932" HPOS="433" WC="0.96" STYLEREFS="font7"/>
              <String ID="word_1_103" CONTENT="ist" HEIGHT="31" WIDTH="43" VPOS="933" HPOS="566" WC="0.96" STYLEREFS="font7"/>
              <String ID="word_1_104" CONTENT="die" HEIGHT="31" WIDTH="51" VPOS="933" HPOS="634" WC="0.96" STYLEREFS="font7"/>
              <String ID="word_1_105" CONTENT="Sache" HEIGHT="34" WIDTH="104" VPOS="931" HPOS="702" WC="0.96" STYLEREFS="font7"/>
              <String ID="word_1_106" CONTENT="sehr" HEIGHT="31" WIDTH="74" VPOS="933" HPOS="838" WC="0.96" STYLEREFS="font7"/>
              <String ID="word_1_107" CONTENT="harmlos." HEIGHT="32" WIDTH="149" VPOS="932" HPOS="940" WC="0.96" STYLEREFS="font7"/>
            </TextLine>
          </TextBlock>
          <TextBlock ID="par_1_10" HEIGHT="312" WIDTH="1071" VPOS="991" HPOS="24">
            <TextLine ID="line_1_17" HEIGHT="34" WIDTH="NaN" VPOS="-10" HPOS="0">
              <String ID="word_1_108" CONTENT="Fritz" HEIGHT="32" WIDTH="108" VPOS="996" HPOS="24" WC="0.92" STYLEREFS="font3"/>
              <String ID="word_1_109" CONTENT="Grinsinger" HEIGHT="40" WIDTH="235" VPOS="995" HPOS="150" WC="0.92" STYLEREFS="font3"/>
              <String ID="word_1_110" CONTENT="(f&#252;r" HEIGHT="43" WIDTH="63" VPOS="993" HPOS="408" WC="0.91" STYLEREFS="font3"/>
              <String ID="word_1_111" CONTENT="sich):" HEIGHT="45" WIDTH="97" VPOS="991" HPOS="487" WC="0.91" STYLEREFS="font3"/>
              <String ID="word_1_112" CONTENT="Nit" HEIGHT="32" WIDTH="58" VPOS="995" HPOS="612" WC="0.92" STYLEREFS="font3"/>
              <String ID="word_1_113" CONTENT="&#252;wel!" HEIGHT="31" WIDTH="99" VPOS="996" HPOS="686" WC="0.91" STYLEREFS="font3"/>
              <String ID="word_1_114" CONTENT="(zu" HEIGHT="42" WIDTH="54" VPOS="994" HPOS="815" WC="0.96" STYLEREFS="font3"/>
              <String ID="word_1_115" CONTENT="Dr." HEIGHT="32" WIDTH="57" VPOS="995" HPOS="885" WC="0.93" STYLEREFS="font3"/>
              <String ID="word_1_116" CONTENT="Knepp-" HEIGHT="39" WIDTH="136" VPOS="996" HPOS="957" WC="0.91" STYLEREFS="font3"/>
            </TextLine>
            <TextLine ID="line_1_18" HEIGHT="99" WIDTH="NaN" VPOS="-9" HPOS="-0.001">
              <String ID="word_1_117" CONTENT="chen)" HEIGHT="43" WIDTH="94" VPOS="1047" HPOS="90" WC="0.96" STYLEREFS="font3"/>
              <String ID="word_1_118" CONTENT="Das" HEIGHT="32" WIDTH="69" VPOS="1049" HPOS="209" WC="0.96" STYLEREFS="font3"/>
              <String ID="word_1_119" CONTENT="ist" HEIGHT="32" WIDTH="43" VPOS="1049" HPOS="301" WC="0.96" STYLEREFS="font3"/>
              <String ID="word_1_120" CONTENT="ja" HEIGHT="40" WIDTH="35" VPOS="1049" HPOS="365" WC="0.96" STYLEREFS="font3"/>
              <String ID="word_1_121" CONTENT="sehr" HEIGHT="32" WIDTH="75" VPOS="1049" HPOS="424" WC="0.93" STYLEREFS="font3"/>
              <String ID="word_1_122" CONTENT="liebensw&#252;rdig" HEIGHT="41" WIDTH="253" VPOS="1048" HPOS="521" WC="0.9" STYLEREFS="font3"/>
              <String ID="word_1_123" CONTENT="von" HEIGHT="22" WIDTH="63" VPOS="1059" HPOS="798" WC="0.96" STYLEREFS="font3"/>
              <String ID="word_1_124" CONTENT="Ihnen," HEIGHT="40" WIDTH="113" VPOS="1049" HPOS="884" WC="0.96" STYLEREFS="font3"/>
              <String ID="word_1_125" CONTENT="dass" HEIGHT="31" WIDTH="75" VPOS="1049" HPOS="1017" WC="0.96" STYLEREFS="font3"/>
            </TextLine>
            <TextLine ID="line_1_19" HEIGHT="102" WIDTH="NaN" VPOS="-9" HPOS="0">
              <String ID="word_1_126" CONTENT="Sie" HEIGHT="33" WIDTH="54" VPOS="1102" HPOS="93" WC="0.96" STYLEREFS="font3"/>
              <String ID="word_1_127" CONTENT="meinen" HEIGHT="31" WIDTH="124" VPOS="1103" HPOS="172" WC="0.96" STYLEREFS="font3"/>
              <String ID="word_1_128" CONTENT="hohlen" HEIGHT="32" WIDTH="117" VPOS="1103" HPOS="321" WC="0.96" STYLEREFS="font3"/>
              <String ID="word_1_129" CONTENT="Kopf" HEIGHT="41" WIDTH="97" VPOS="1102" HPOS="462" WC="0.96" STYLEREFS="font3"/>
              <String ID="word_1_130" CONTENT="mit" HEIGHT="31" WIDTH="57" VPOS="1103" HPOS="572" WC="0.96" STYLEREFS="font3"/>
              <String ID="word_1_131" CONTENT="Erbsen" HEIGHT="33" WIDTH="128" VPOS="1102" HPOS="645" WC="0.96" STYLEREFS="font3"/>
              <String ID="word_1_132" CONTENT="ausf&#252;llen" HEIGHT="33" WIDTH="161" VPOS="1102" HPOS="790" WC="0.96" STYLEREFS="font3"/>
              <String ID="word_1_133" CONTENT="wollen," HEIGHT="41" WIDTH="126" VPOS="1102" HPOS="967" WC="0.96" STYLEREFS="font3"/>
            </TextLine>
            <TextLine ID="line_1_20" HEIGHT="104" WIDTH="NaN" VPOS="-9" HPOS="0">
              <String ID="word_1_134" CONTENT="aber" HEIGHT="32" WIDTH="77" VPOS="1156" HPOS="95" WC="0.96" STYLEREFS="font3"/>
              <String ID="word_1_135" CONTENT="offen" HEIGHT="33" WIDTH="83" VPOS="1156" HPOS="195" WC="0.95" STYLEREFS="font3"/>
              <String ID="word_1_136" CONTENT="gestanden," HEIGHT="41" WIDTH="189" VPOS="1156" HPOS="302" WC="0.96" STYLEREFS="font3"/>
              <String ID="word_1_137" CONTENT="viel" HEIGHT="32" WIDTH="66" VPOS="1156" HPOS="515" WC="0.96" STYLEREFS="font3"/>
              <String ID="word_1_138" CONTENT="Verlangen" HEIGHT="39" WIDTH="188" VPOS="1157" HPOS="604" WC="0.96" STYLEREFS="font3"/>
              <String ID="word_1_139" CONTENT="habe" HEIGHT="32" WIDTH="84" VPOS="1156" HPOS="815" WC="0.96" STYLEREFS="font3"/>
              <String ID="word_1_140" CONTENT="ich" HEIGHT="32" WIDTH="52" VPOS="1156" HPOS="923" WC="0.96" STYLEREFS="font3"/>
              <String ID="word_1_141" CONTENT="nicht" HEIGHT="32" WIDTH="90" VPOS="1156" HPOS="1005" WC="0.96" STYLEREFS="font3"/>
            </TextLine>
            <TextLine ID="line_1_21" HEIGHT="105" WIDTH="NaN" VPOS="-9" HPOS="0">
              <String ID="word_1_142" CONTENT="danach" HEIGHT="32" WIDTH="123" VPOS="1210" HPOS="96" WC="0.96" STYLEREFS="font7"/>
              <String ID="word_1_143" CONTENT="(f&#252;r" HEIGHT="42" WIDTH="67" VPOS="1209" HPOS="242" WC="0.96" STYLEREFS="font7"/>
              <String ID="word_1_144" CONTENT="sich)" HEIGHT="41" WIDTH="83" VPOS="1208" HPOS="332" WC="0.95" STYLEREFS="font7"/>
              <String ID="word_1_145" CONTENT="Eh" HEIGHT="32" WIDTH="52" VPOS="1210" HPOS="440" WC="0.6" STYLE="italics" STYLEREFS="font7"/>
              <String ID="word_1_146" CONTENT="bien" HEIGHT="30" WIDTH="72" VPOS="1212" HPOS="516" WC="0.94" STYLE="italics" STYLEREFS="font7"/>
              <String ID="word_1_147" CONTENT="non," HEIGHT="30" WIDTH="75" VPOS="1221" HPOS="611" WC="0.93" STYLE="italics" STYLEREFS="font7"/>
              <String ID="word_1_148" CONTENT="d'r" HEIGHT="32" WIDTH="48" VPOS="1210" HPOS="712" WC="0.88" STYLEREFS="font7"/>
              <String ID="word_1_149" CONTENT="Kopf" HEIGHT="42" WIDTH="97" VPOS="1209" HPOS="783" WC="0.96" STYLEREFS="font7"/>
              <String ID="word_1_150" CONTENT="voll" HEIGHT="32" WIDTH="66" VPOS="1210" HPOS="897" WC="0.93" STYLEREFS="font7"/>
              <String ID="word_1_151" CONTENT="Erbse," HEIGHT="41" WIDTH="115" VPOS="1209" HPOS="978" WC="0.92" STYLEREFS="font7"/>
            </TextLine>
            <TextLine ID="line_1_22" HEIGHT="104" WIDTH="NaN" VPOS="-8" HPOS="0">
              <String ID="word_1_152" CONTENT="diss" HEIGHT="32" WIDTH="65" VPOS="1264" HPOS="96" WC="0.92" STYLEREFS="font5"/>
              <String ID="word_1_153" CONTENT="fehlt" HEIGHT="33" WIDTH="82" VPOS="1263" HPOS="186" WC="0.93" STYLEREFS="font5"/>
              <String ID="word_1_154" CONTENT="m&#8217;r" HEIGHT="31" WIDTH="58" VPOS="1264" HPOS="292" WC="0.92" STYLEREFS="font5"/>
              <String ID="word_1_155" CONTENT="grad" HEIGHT="39" WIDTH="82" VPOS="1264" HPOS="372" WC="0.96" STYLEREFS="font5"/>
              <String ID="word_1_156" CONTENT="noch!" HEIGHT="32" WIDTH="99" VPOS="1264" HPOS="477" WC="0.96" STYLEREFS="font5"/>
            </TextLine>
          </TextBlock>
          <TextBlock ID="par_1_11" HEIGHT="41" WIDTH="988" VPOS="1326" HPOS="29">
            <TextLine ID="line_1_23" HEIGHT="37" WIDTH="NaN" VPOS="-8" HPOS="0">
              <String ID="word_1_157" CONTENT="Dr." HEIGHT="32" WIDTH="61" VPOS="1327" HPOS="29" WC="0.93" STYLEREFS="font1"/>
              <String ID="word_1_158" CONTENT="Kneppchen:" HEIGHT="41" WIDTH="261" VPOS="1326" HPOS="115" WC="0.9" STYLEREFS="font1"/>
              <String ID="word_1_159" CONTENT="So" HEIGHT="33" WIDTH="43" VPOS="1326" HPOS="402" WC="0.95" STYLEREFS="font1"/>
              <String ID="word_1_160" CONTENT="eilt" HEIGHT="32" WIDTH="56" VPOS="1327" HPOS="470" WC="0.94" STYLEREFS="font1"/>
              <String ID="word_1_161" CONTENT="die" HEIGHT="32" WIDTH="52" VPOS="1327" HPOS="550" WC="0.96" STYLEREFS="font1"/>
              <String ID="word_1_162" CONTENT="Sache" HEIGHT="33" WIDTH="105" VPOS="1326" HPOS="626" WC="0.96" STYLEREFS="font1"/>
              <String ID="word_1_163" CONTENT="ja" HEIGHT="40" WIDTH="36" VPOS="1326" HPOS="751" WC="0.96" STYLEREFS="font1"/>
              <String ID="word_1_164" CONTENT="auch" HEIGHT="32" WIDTH="82" VPOS="1327" HPOS="812" WC="0.96" STYLEREFS="font1"/>
              <String ID="word_1_165" CONTENT="nicht." HEIGHT="33" WIDTH="100" VPOS="1326" HPOS="917" WC="0.86" STYLEREFS="font1"/>
            </TextLine>
          </TextBlock>
          <TextBlock ID="par_1_12" HEIGHT="41" WIDTH="915" VPOS="1379" HPOS="28">
            <TextLine ID="line_1_24" HEIGHT="35" WIDTH="NaN" VPOS="-7" HPOS="-0.002">
              <String ID="word_1_166" CONTENT="Fritz" HEIGHT="33" WIDTH="110" VPOS="1380" HPOS="28" WC="0.93" STYLEREFS="font3"/>
              <String ID="word_1_167" CONTENT="Grinsinger:" HEIGHT="40" WIDTH="251" VPOS="1380" HPOS="163" WC="0.91" STYLEREFS="font3"/>
              <String ID="word_1_168" CONTENT="M'r" HEIGHT="31" WIDTH="65" VPOS="1381" HPOS="440" WC="0.88" STYLEREFS="font3"/>
              <String ID="word_1_169" CONTENT="welle" HEIGHT="32" WIDTH="94" VPOS="1381" HPOS="527" WC="0.92" STYLEREFS="font3"/>
              <String ID="word_1_170" CONTENT="&#8217;s" HEIGHT="31" WIDTH="24" VPOS="1381" HPOS="647" WC="0.85" STYLEREFS="font3"/>
              <String ID="word_1_171" CONTENT="schwer" HEIGHT="33" WIDTH="125" VPOS="1380" HPOS="696" WC="0.95" STYLEREFS="font3"/>
              <String ID="word_1_172" CONTENT="hoffe!" HEIGHT="34" WIDTH="100" VPOS="1379" HPOS="843" WC="0.96" STYLEREFS="font3"/>
            </TextLine>
          </TextBlock>
          <TextBlock ID="par_1_13" HEIGHT="140" WIDTH="1068" VPOS="1442" HPOS="29">
            <TextLine ID="line_1_25" HEIGHT="37" WIDTH="NaN" VPOS="-8" HPOS="-0.001">
              <String ID="word_1_173" CONTENT="Hans" HEIGHT="32" WIDTH="106" VPOS="1443" HPOS="29" WC="0.93" STYLEREFS="font5"/>
              <String ID="word_1_174" CONTENT="Grinsinger:" HEIGHT="41" WIDTH="250" VPOS="1442" HPOS="161" WC="0.92" STYLEREFS="font5"/>
              <String ID="word_1_175" CONTENT="Das" HEIGHT="33" WIDTH="70" VPOS="1443" HPOS="437" WC="0.96" STYLEREFS="font5"/>
              <String ID="word_1_176" CONTENT="muss" HEIGHT="22" WIDTH="87" VPOS="1453" HPOS="530" WC="0.96" STYLEREFS="font5"/>
              <String ID="word_1_177" CONTENT="ich" HEIGHT="32" WIDTH="52" VPOS="1443" HPOS="641" WC="0.96" STYLEREFS="font5"/>
              <String ID="word_1_178" CONTENT="nu" HEIGHT="22" WIDTH="44" VPOS="1453" HPOS="725" WC="0.96" STYLEREFS="font5"/>
              <String ID="word_1_179" CONTENT="sagen," HEIGHT="30" WIDTH="109" VPOS="1453" HPOS="800" WC="0.95" STYLEREFS="font5"/>
              <String ID="word_1_180" CONTENT="das" HEIGHT="31" WIDTH="58" VPOS="1443" HPOS="941" WC="0.96" STYLEREFS="font5"/>
              <String ID="word_1_181" CONTENT="w&#228;r" HEIGHT="27" WIDTH="68" VPOS="1447" HPOS="1029" WC="0.96" STYLEREFS="font5"/>
            </TextLine>
            <TextLine ID="line_1_26" HEIGHT="105" WIDTH="NaN" VPOS="-9" HPOS="0">
              <String ID="word_1_182" CONTENT="m&#8217;r" HEIGHT="31" WIDTH="59" VPOS="1497" HPOS="96" WC="0.89" STYLEREFS="font3"/>
              <String ID="word_1_183" CONTENT="ooch" HEIGHT="33" WIDTH="79" VPOS="1497" HPOS="178" WC="0.92" STYLEREFS="font3"/>
              <String ID="word_1_184" CONTENT="nich" HEIGHT="32" WIDTH="74" VPOS="1497" HPOS="281" WC="0.93" STYLEREFS="font3"/>
              <String ID="word_1_185" CONTENT="gemiethlich," HEIGHT="40" WIDTH="216" VPOS="1497" HPOS="380" WC="0.92" STYLEREFS="font3"/>
              <String ID="word_1_186" CONTENT="meinen" HEIGHT="32" WIDTH="126" VPOS="1497" HPOS="621" WC="0.96" STYLEREFS="font3"/>
              <String ID="word_1_187" CONTENT="Kopf" HEIGHT="42" WIDTH="96" VPOS="1495" HPOS="771" WC="0.96" STYLEREFS="font3"/>
              <String ID="word_1_188" CONTENT="voll" HEIGHT="31" WIDTH="65" VPOS="1497" HPOS="888" WC="0.96" STYLEREFS="font3"/>
              <String ID="word_1_189" CONTENT="Erbsen" HEIGHT="32" WIDTH="128" VPOS="1496" HPOS="968" WC="0.96" STYLEREFS="font3"/>
            </TextLine>
            <TextLine ID="line_1_27" HEIGHT="97" WIDTH="NaN" VPOS="0" HPOS="0">
              <String ID="word_1_190" CONTENT="zu" HEIGHT="22" WIDTH="41" VPOS="1560" HPOS="97" WC="0.96" STYLEREFS="font8"/>
              <String ID="word_1_191" CONTENT="haben." HEIGHT="32" WIDTH="115" VPOS="1550" HPOS="160" WC="0.96" STYLEREFS="font8"/>
            </TextLine>
          </TextBlock>
          <TextBlock ID="par_1_14" HEIGHT="201" WIDTH="1065" VPOS="1603" HPOS="33">
            <TextLine ID="line_1_28" HEIGHT="34" WIDTH="NaN" VPOS="-1" HPOS="-0.002">
              <String ID="word_1_192" CONTENT="Gauthier:" HEIGHT="33" WIDTH="208" VPOS="1603" HPOS="33" WC="0.96" STYLEREFS="font8"/>
              <String ID="word_1_193" CONTENT="Ja!" HEIGHT="32" WIDTH="59" VPOS="1605" HPOS="266" WC="0.96" STYLEREFS="font8"/>
              <String ID="word_1_194" CONTENT="Was" HEIGHT="31" WIDTH="83" VPOS="1605" HPOS="358" WC="0.96" STYLEREFS="font8"/>
              <String ID="word_1_195" CONTENT="tut" HEIGHT="31" WIDTH="52" VPOS="1605" HPOS="472" WC="0.95" STYLEREFS="font8"/>
              <String ID="word_1_196" CONTENT="man" HEIGHT="23" WIDTH="73" VPOS="1613" HPOS="553" WC="0.95" STYLEREFS="font8"/>
              <String ID="word_1_197" CONTENT="nicht" HEIGHT="32" WIDTH="91" VPOS="1604" HPOS="656" WC="0.96" STYLEREFS="font8"/>
              <String ID="word_1_198" CONTENT="im" HEIGHT="31" WIDTH="42" VPOS="1604" HPOS="776" WC="0.96" STYLEREFS="font8"/>
              <String ID="word_1_199" CONTENT="Interesse" HEIGHT="32" WIDTH="163" VPOS="1603" HPOS="849" WC="0.96" STYLEREFS="font8"/>
              <String ID="word_1_200" CONTENT="der" HEIGHT="31" WIDTH="57" VPOS="1603" HPOS="1040" WC="0.96" STYLEREFS="font8"/>
            </TextLine>
            <TextLine ID="line_1_29" HEIGHT="108" WIDTH="NaN" VPOS="-10" HPOS="-0.001">
              <String ID="word_1_201" CONTENT="Wissenschaft?" HEIGHT="33" WIDTH="265" VPOS="1657" HPOS="98" WC="0.91" STYLEREFS="font3"/>
              <String ID="word_1_202" CONTENT="(zu" HEIGHT="43" WIDTH="54" VPOS="1655" HPOS="387" WC="0.96" STYLEREFS="font3"/>
              <String ID="word_1_203" CONTENT="Dr." HEIGHT="32" WIDTH="60" VPOS="1657" HPOS="454" WC="0.93" STYLEREFS="font3"/>
              <String ID="word_1_204" CONTENT="Kneppchen)" HEIGHT="42" WIDTH="219" VPOS="1655" HPOS="528" WC="0.91" STYLEREFS="font3"/>
              <String ID="word_1_205" CONTENT="Verzeihung," HEIGHT="40" WIDTH="214" VPOS="1656" HPOS="779" WC="0.92" STYLEREFS="font3"/>
              <String ID="word_1_206" CONTENT="Herr" HEIGHT="31" WIDTH="87" VPOS="1657" HPOS="1011" WC="0.96" STYLEREFS="font3"/>
            </TextLine>
            <TextLine ID="line_1_30" HEIGHT="107" WIDTH="NaN" VPOS="-8" HPOS="-0.001">
              <String ID="word_1_207" CONTENT="Professor," HEIGHT="40" WIDTH="180" VPOS="1710" HPOS="99" WC="0.96" STYLEREFS="font3"/>
              <String ID="word_1_208" CONTENT="wie" HEIGHT="32" WIDTH="62" VPOS="1711" HPOS="304" WC="0.96" STYLEREFS="font3"/>
              <String ID="word_1_209" CONTENT="steht" HEIGHT="32" WIDTH="87" VPOS="1711" HPOS="391" WC="0.95" STYLEREFS="font3"/>
              <String ID="word_1_210" CONTENT="es" HEIGHT="22" WIDTH="34" VPOS="1720" HPOS="502" WC="0.96" STYLEREFS="font3"/>
              <String ID="word_1_211" CONTENT="&#252;brigens" HEIGHT="39" WIDTH="152" VPOS="1711" HPOS="560" WC="0.96" STYLEREFS="font3"/>
              <String ID="word_1_212" CONTENT="mit" HEIGHT="31" WIDTH="57" VPOS="1711" HPOS="736" WC="0.96" STYLEREFS="font3"/>
              <String ID="word_1_213" CONTENT="meinem" HEIGHT="32" WIDTH="134" VPOS="1710" HPOS="816" WC="0.96" STYLEREFS="font3"/>
              <String ID="word_1_214" CONTENT="Kopf?" HEIGHT="41" WIDTH="118" VPOS="1708" HPOS="979" WC="0.96" STYLEREFS="font3"/>
            </TextLine>
            <TextLine ID="line_1_31" HEIGHT="107" WIDTH="NaN" VPOS="-8" HPOS="-0.002">
              <String ID="word_1_215" CONTENT="Den" HEIGHT="31" WIDTH="73" VPOS="1764" HPOS="99" WC="0.96" STYLEREFS="font1"/>
              <String ID="word_1_216" CONTENT="haben" HEIGHT="32" WIDTH="106" VPOS="1764" HPOS="188" WC="0.95" STYLEREFS="font1"/>
              <String ID="word_1_217" CONTENT="Sie" HEIGHT="33" WIDTH="55" VPOS="1763" HPOS="310" WC="0.96" STYLEREFS="font1"/>
              <String ID="word_1_218" CONTENT="ja" HEIGHT="41" WIDTH="37" VPOS="1763" HPOS="380" WC="0.96" STYLEREFS="font1"/>
              <String ID="word_1_219" CONTENT="auch" HEIGHT="32" WIDTH="82" VPOS="1764" HPOS="433" WC="0.96" STYLEREFS="font1"/>
              <String ID="word_1_220" CONTENT="die" HEIGHT="32" WIDTH="51" VPOS="1764" HPOS="532" WC="0.96" STYLEREFS="font1"/>
              <String ID="word_1_221" CONTENT="kreuz" HEIGHT="31" WIDTH="101" VPOS="1765" HPOS="599" WC="0.96" STYLEREFS="font1"/>
              <String ID="word_1_222" CONTENT="und" HEIGHT="30" WIDTH="65" VPOS="1765" HPOS="723" WC="0.96" STYLEREFS="font1"/>
              <String ID="word_1_223" CONTENT="quer" HEIGHT="31" WIDTH="79" VPOS="1773" HPOS="805" WC="0.96" STYLEREFS="font1"/>
              <String ID="word_1_224" CONTENT="vermessen." HEIGHT="23" WIDTH="190" VPOS="1772" HPOS="907" WC="0.96" STYLEREFS="font1"/>
            </TextLine>
          </TextBlock>
          <TextBlock ID="par_1_15" HEIGHT="95" WIDTH="1065" VPOS="1816" HPOS="34">
            <TextLine ID="line_1_32" HEIGHT="42" WIDTH="NaN" VPOS="-8" HPOS="-0.003">
              <String ID="word_1_225" CONTENT="Dr." HEIGHT="32" WIDTH="62" VPOS="1817" HPOS="34" WC="0.93" STYLEREFS="font1"/>
              <String ID="word_1_226" CONTENT="Kneppchen:" HEIGHT="40" WIDTH="260" VPOS="1818" HPOS="123" WC="0.88" STYLEREFS="font1"/>
              <String ID="word_1_227" CONTENT="Ah," HEIGHT="39" WIDTH="64" VPOS="1819" HPOS="433" WC="0.96" STYLEREFS="font1"/>
              <String ID="word_1_228" CONTENT="richtig!" HEIGHT="40" WIDTH="133" VPOS="1818" HPOS="538" WC="0.92" STYLEREFS="font1"/>
              <String ID="word_1_229" CONTENT="&#8212;" HEIGHT="4" WIDTH="40" VPOS="1835" HPOS="717" WC="0.91" STYLEREFS="font1"/>
              <String ID="word_1_230" CONTENT="Ihr" HEIGHT="32" WIDTH="57" VPOS="1817" HPOS="782" WC="0.96" STYLEREFS="font1"/>
              <String ID="word_1_231" CONTENT="Kopf," HEIGHT="41" WIDTH="103" VPOS="1816" HPOS="873" WC="0.96" STYLEREFS="font1"/>
              <String ID="word_1_232" CONTENT="Herr" HEIGHT="32" WIDTH="87" VPOS="1816" HPOS="1012" WC="0.96" STYLEREFS="font1"/>
            </TextLine>
            <TextLine ID="line_1_33" HEIGHT="110" WIDTH="NaN" VPOS="-8" HPOS="-0.002">
              <String ID="word_1_233" CONTENT="Gauthier," HEIGHT="40" WIDTH="170" VPOS="1871" HPOS="102" WC="0.92" STYLEREFS="font5"/>
              <String ID="word_1_234" CONTENT="ist" HEIGHT="32" WIDTH="44" VPOS="1871" HPOS="296" WC="0.96" STYLEREFS="font5"/>
              <String ID="word_1_235" CONTENT="nicht" HEIGHT="32" WIDTH="89" VPOS="1871" HPOS="363" WC="0.86" STYLEREFS="font5"/>
              <String ID="word_1_236" CONTENT="minder" HEIGHT="32" WIDTH="124" VPOS="1871" HPOS="475" WC="0.96" STYLEREFS="font5"/>
              <String ID="word_1_237" CONTENT="interessant." HEIGHT="32" WIDTH="203" VPOS="1871" HPOS="621" WC="0.94" STYLEREFS="font5"/>
              <String ID="word_1_238" CONTENT="Denken" HEIGHT="32" WIDTH="139" VPOS="1870" HPOS="869" WC="0.96" STYLEREFS="font5"/>
              <String ID="word_1_239" CONTENT="Sie," HEIGHT="41" WIDTH="63" VPOS="1868" HPOS="1033" WC="0.96" STYLEREFS="font5"/>
            </TextLine>
          </TextBlock>
        </ComposedBlock>
      </PrintSpace>
    </Page>
  </Layout>
</alto>
