1 1
586 41 41 4 —
676 26 39 30 68
758 31 46 23 —

224 122 57 32 Ihr
298 121 135 33 Schädel
456 122 56 31 hat
527 121 140 32 nämlich
690 121 94 31 einen
808 120 298 39 ausgesprochenen
1122 120 100 31 klass-

224 176 111 32 ischen
359 175 294 41 Negroïdentypus,
678 174 61 32 wie
763 183 35 22 er
821 174 50 31 bis
891 173 85 40 jetzt
1008 174 33 30 in
1064 173 158 32 Deutsch-

223 230 76 31 land
323 229 81 32 noch
428 228 152 40 nirgends
605 227 162 40 gefunden
790 227 131 33 worden
945 227 51 39 ist,
1021 227 65 31 und
1110 227 62 31 wie
1190 236 33 22 er

223 293 61 22 nur
305 283 34 31 in
356 282 263 39 Südfrankreich,
644 282 41 31 im
709 281 233 39 Rhonegebiet,
967 282 186 30 vorkommt.

156 354 204 34 Gauthier:
387 354 105 40 Nanu,
517 354 133 32 machen
675 352 54 34 Sie
753 353 95 31 keine
872 351 109 33 faulen
1006 352 124 31 Witze!

155 427 62 31 Dr.
242 426 266 40 Kneppchen:
545 426 49 30 Im
625 425 107 31 vollen
766 425 110 39 Ernst,
914 424 57 31 Ihr
1006 423 137 33 Schädel
1180 423 42 31 ist

223 480 259 40 ausgesprochen
512 478 270 39 südfranzösisch,
812 477 37 40 ja
881 487 33 22 er
944 479 86 30 kann
1061 477 161 39 geradezu

223 534 46 32 als
298 534 128 41 typisch
450 533 33 31 in
518 533 106 31 seiner
659 533 65 30 Art
758 532 118 40 gelten.
923 530 58 33 Ich
1012 531 91 31 stehe
1134 530 90 32 nicht

223 597 49 30 an,
298 588 55 31 ihn
377 588 47 31 als
448 587 151 31 Pendant
623 587 55 30 des
704 585 292 39 Grinsingerschen
1011 584 127 40 Kopfes
1155 584 68 31 hin-

223 641 157 32 zustellen
397 641 65 31 und
474 641 56 31 ihn
546 641 45 30 als
606 641 60 30 den
678 639 231 32 klassischsten
923 638 298 32 südfranzösischen

222 694 96 41 Kopf
339 704 41 22 zu
404 695 157 39 erklären,
588 694 56 31 der
657 693 59 32 mir
732 693 143 32 bekannt
898 693 51 30 ist.
969 710 40 3 —
1028 692 43 32 Ja
1095 691 126 40 gewiss.

158 766 196 34 Gauthier
378 765 81 42 (auf-
484 766 64 31 und
566 765 178 39 abgehend,
761 765 34 31 in
811 774 141 30 grossem
968 756 137 47 Ärger):
1138 764 85 30 Herr

223 820 58 32 Dr.
315 820 214 39 Kneppchen,
565 819 53 31 ich
653 820 86 30 kann
774 818 43 31 im
852 818 211 39 allgemeinen
1103 816 119 33 Scherz

223 875 182 38 vertragen,
430 882 94 31 sogar
547 873 65 31 viel
638 872 119 33 Scherz
775 873 180 38 vertragen,
975 870 76 33 aber
1067 871 53 31 ich
1136 880 86 22 muss

224 928 103 32 Ihnen
353 927 121 31 ehrlich
498 926 165 39 gestehen,
690 927 74 30 dass
787 925 53 32 ich
856 925 119 40 gerade
991 925 33 31 in
1045 924 178 32 nationaler

223 981 191 39 Beziehung
438 980 73 32 sehr
537 979 205 41 empfindlich
765 979 64 32 bin.
879 978 55 33 Sie
958 978 106 32 haben
1081 979 56 30 das
1154 987 69 22 ver-

223 1035 134 31 mutlich
380 1035 91 31 nicht
501 1035 153 39 gewusst,
688 1034 90 32 sonst
808 1033 112 32 hätten
951 1032 54 33 Sie
1036 1032 69 31 sich
1136 1031 87 31 diese

224 1090 208 38 Bemerkung
454 1087 80 33 über
557 1088 125 31 meinen
706 1086 96 41 Kopf
824 1086 89 32 nicht
937 1086 135 38 erlaubt,
1098 1085 51 31 die
1165 1084 59 32 mir

223 1143 70 31 hier
315 1143 43 30 im
381 1142 113 31 Elsass
518 1141 172 32 besonders
713 1141 141 39 peinlich
877 1140 52 31 ist.

160 1224 62 31 Dr.
248 1222 258 41 Kneppchen:
545 1221 91 32 Aber
667 1221 51 33 ich
753 1221 83 31 bitte
871 1219 69 33 Sie!
981 1220 47 31 Es
1063 1219 43 32 ist
1140 1219 84 32 mein

229 1277 143 39 heiliger,
398 1275 329 33 wissenschaftlicher
749 1275 109 31 Ernst.
882 1273 55 33 Sie
949 1273 104 32 haben
1070 1273 81 32 eben
1164 1273 61 30 den

230 1330 249 39 markantesten,
505 1328 300 32 südfranzösischen
829 1327 147 40 Schädel,
1003 1327 57 31 der
1082 1326 143 31 bekannt

229 1384 56 38 ist;
325 1383 46 40 ja,
412 1382 54 33 Sie
506 1381 196 33 übertreffen
740 1391 94 31 sogar
873 1381 82 32 noch
1001 1381 61 30 den
1087 1378 138 34 Schädel

231 1435 215 33 Déroulède’s
469 1446 51 21 um
545 1436 51 31 ein
620 1435 237 32 Bedeutendes.

166 1508 191 33 Gauthier
381 1507 75 41 (wie
469 1518 63 22 von
549 1507 56 32 der
620 1507 153 32 Tarantel
788 1505 204 41 gestochen):
1019 1504 75 33 Wie
1110 1506 114 39 sagten

232 1561 54 33 Sie
311 1561 81 32 da?!
418 1579 40 4 —
484 1561 88 31 Mein
597 1560 96 40 Kopf
713 1560 42 31 ist
788 1560 81 32 noch
901 1558 233 33 französischer
1164 1558 60 32 wie

233 1616 56 31 der
312 1625 63 22 von
399 1613 207 33 Déroulède?

165 1687 61 31 Dr.
252 1686 260 40 Kneppchen:
548 1684 145 33 Gewiss!
729 1684 76 33 Und
841 1684 110 31 darum
985 1682 55 32 bin
1075 1682 52 32 ich
1162 1681 63 32 fest

230 1739 187 39 überzeugt,
444 1739 73 31 dass
542 1738 54 33 Sie
621 1738 233 31 französischer
877 1736 237 39 Abstammung
1143 1735 79 31 sind.

167 1810 196 33 Gauthier
391 1807 172 45 (wütend):
600 1810 88 31 Mein
717 1809 100 32 Herr!
855 1808 55 32 Sie
938 1807 119 32 häufen
1085 1807 140 31 Beleidi-

233 1873 86 31 gung
343 1863 57 32 auf
422 1863 226 39 Beleidigung!
690 1862 57 32 Ich
770 1862 190 39 protestiere
984 1860 58 32 auf
1063 1861 56 30 das
1147 1860 78 31 Ent-
