<alto xmlns="http://www.loc.gov/standards/alto/ns-v3#" xmlns:xlink="http://www.w3.org/1999/xlink" xmlns:xsi="http://www.w3.org/2001/XMLSchema-instance" xmlns:xs="http://www.w3.org/2001/XMLSchema" xsi:schemaLocation="http://www.loc.gov/standards/alto/ns-v4# https://www.loc.gov/standards/alto/v4/alto.xsd">
  <Description>
    <MeasurementUnit>pixel</MeasurementUnit>
    <sourceImageInformation>
      <fileName/>
    </sourceImageInformation>
    <OCRProcessing ID="IdOcr">
      <ocrProcessingStep>
        <processingSoftware>
          <softwareName>tesseract 4.1.0</softwareName>
        </processingSoftware>
      </ocrProcessingStep>
    </OCRProcessing>
  </Description>
  <Styles><TextStyle ID="font0" FONTSIZE="41.0" FONTFAMILY="jbnolc+helvetica-bold" FONTTYPE="sans-serif" FONTWIDTH="proportional" FONTCOLOR="#WWWWff" FONTSTYLE="bold"/><TextStyle ID="font1" FONTSIZE="42.0" FONTFAMILY="jbnolc+helvetica-bold" FONTTYPE="sans-serif" FONTWIDTH="proportional" FONTCOLOR="#WWWWff" FONTSTYLE="bold"/><TextStyle ID="font2" FONTSIZE="39.0" FONTFAMILY="jbnolc+helvetica-bold" FONTTYPE="sans-serif" FONTWIDTH="proportional" FONTCOLOR="#WWWWff" FONTSTYLE="bold"/><TextStyle ID="font3" FONTSIZE="40.0" FONTFAMILY="jbnolc+helvetica-bold" FONTTYPE="sans-serif" FONTWIDTH="proportional" FONTCOLOR="#WWWWff" FONTSTYLE="bold"/><TextStyle ID="font4" FONTSIZE="40.569935" FONTFAMILY="jbnolc+helvetica-bold" FONTTYPE="sans-serif" FONTWIDTH="proportional" FONTCOLOR="#WWWWff" FONTSTYLE="bold"/><TextStyle ID="font5" FONTSIZE="43.0" FONTFAMILY="jbnolc+helvetica-bold" FONTTYPE="sans-serif" FONTWIDTH="proportional" FONTCOLOR="#WWWWff" FONTSTYLE="bold"/><TextStyle ID="font6" FONTSIZE="41.186302" FONTFAMILY="jbnolc+helvetica-bold" FONTTYPE="sans-serif" FONTWIDTH="proportional" FONTCOLOR="#WWWWff" FONTSTYLE="bold"/><TextStyle ID="font7" FONTSIZE="44.0" FONTFAMILY="jbnolc+helvetica-bold" FONTTYPE="sans-serif" FONTWIDTH="proportional" FONTCOLOR="#WWWWff" FONTSTYLE="bold"/><TextStyle ID="font8" FONTSIZE="45.0" FONTFAMILY="jbnolc+helvetica-bold" FONTTYPE="sans-serif" FONTWIDTH="proportional" FONTCOLOR="#WWWWff" FONTSTYLE="bold"/><TextStyle ID="font9" FONTSIZE="41.120785" FONTFAMILY="jbnolc+helvetica-bold" FONTTYPE="sans-serif" FONTWIDTH="proportional" FONTCOLOR="#WWWWff" FONTSTYLE="bold"/></Styles><Layout>
    <Page ID="page_1" PHYSICAL_IMG_NR="1" HEIGHT="1" WIDTH="1">
      <PrintSpace HEIGHT="1" WIDTH="1" VPOS="0" HPOS="0">
        <ComposedBlock ID="carea_1_1" HEIGHT="29" WIDTH="220" VPOS="88" HPOS="550">
          <TextBlock ID="par_1_1" HEIGHT="29" WIDTH="220" VPOS="88" HPOS="550">
            <TextLine ID="line_1_1" HEIGHT="561" WIDTH="NaN" VPOS="-11" HPOS="0.005">
              <String ID="word_1_1" CONTENT="&#8212;" HEIGHT="4" WIDTH="41" VPOS="102" HPOS="550" WC="0.9" STYLEREFS="font0"/>
              <String ID="word_1_2" CONTENT="40" HEIGHT="29" WIDTH="38" VPOS="88" HPOS="640" WC="0.45" STYLEREFS="font0"/>
              <String ID="word_1_3" CONTENT="&#8212;" HEIGHT="5" WIDTH="43" VPOS="102" HPOS="727" WC="0.84" STYLEREFS="font0"/>
            </TextLine>
          </TextBlock>
        </ComposedBlock>
        <ComposedBlock ID="carea_1_2" HEIGHT="147" WIDTH="1001" VPOS="182" HPOS="189">
          <TextBlock ID="par_1_2" HEIGHT="147" WIDTH="1001" VPOS="182" HPOS="189">
            <TextLine ID="line_1_2" HEIGHT="198" WIDTH="NaN" VPOS="-9" HPOS="0.001">
              <String ID="word_1_4" CONTENT="schunsch" HEIGHT="32" WIDTH="159" VPOS="183" HPOS="189" WC="0.89" STYLEREFS="font0"/>
              <String ID="word_1_5" CONTENT="expliziere," HEIGHT="41" WIDTH="185" VPOS="182" HPOS="380" WC="0.89" STYLEREFS="font0"/>
              <String ID="word_1_6" CONTENT="dass&#8217;" HEIGHT="31" WIDTH="83" VPOS="183" HPOS="597" WC="0.91" STYLEREFS="font0"/>
              <String ID="word_1_7" CONTENT="s" HEIGHT="22" WIDTH="15" VPOS="192" HPOS="706" WC="0.91" STYLEREFS="font0"/>
              <String ID="word_1_8" CONTENT="Lytt" HEIGHT="42" WIDTH="82" VPOS="182" HPOS="745" WC="0.91" STYLEREFS="font0"/>
              <String ID="word_1_9" CONTENT="gitt," HEIGHT="40" WIDTH="72" VPOS="183" HPOS="849" WC="0.92" STYLEREFS="font0"/>
              <String ID="word_1_10" CONTENT="wie" HEIGHT="32" WIDTH="62" VPOS="183" HPOS="953" WC="0.96" STYLEREFS="font0"/>
              <String ID="word_1_11" CONTENT="sich" HEIGHT="32" WIDTH="68" VPOS="184" HPOS="1040" WC="0.96" STYLEREFS="font0"/>
              <String ID="word_1_12" CONTENT="mit" HEIGHT="31" WIDTH="58" VPOS="185" HPOS="1132" WC="0.96" STYLEREFS="font0"/>
            </TextLine>
            <TextLine ID="line_1_3" HEIGHT="199" WIDTH="NaN" VPOS="-10" HPOS="0.001">
              <String ID="word_1_13" CONTENT="so" HEIGHT="23" WIDTH="33" VPOS="246" HPOS="189" WC="0.93" STYLEREFS="font1"/>
              <String ID="word_1_14" CONTENT="Pl&#228;n" HEIGHT="32" WIDTH="84" VPOS="237" HPOS="252" WC="0.92" STYLEREFS="font1"/>
              <String ID="word_1_15" CONTENT="wie" HEIGHT="32" WIDTH="62" VPOS="236" HPOS="359" WC="0.96" STYLEREFS="font1"/>
              <String ID="word_1_16" CONTENT="ere" HEIGHT="22" WIDTH="53" VPOS="246" HPOS="446" WC="0.93" STYLEREFS="font1"/>
              <String ID="word_1_17" CONTENT="Friedensliga" HEIGHT="40" WIDTH="225" VPOS="236" HPOS="529" WC="0.91" STYLEREFS="font1"/>
              <String ID="word_1_18" CONTENT="unn" HEIGHT="22" WIDTH="65" VPOS="246" HPOS="786" WC="0.87" STYLEREFS="font1"/>
              <String ID="word_1_19" CONTENT="alliance" HEIGHT="30" WIDTH="142" VPOS="239" HPOS="882" WC="0.93" STYLE="italics" STYLEREFS="font1"/>
              <String ID="word_1_20" CONTENT="franco-" HEIGHT="40" WIDTH="145" VPOS="239" HPOS="1044" WC="0.91" STYLE="italics" STYLEREFS="font1"/>
            </TextLine>
            <TextLine ID="line_1_4" HEIGHT="197" WIDTH="NaN" VPOS="-8" HPOS="0">
              <String ID="word_1_21" CONTENT="allemande" HEIGHT="30" WIDTH="190" VPOS="292" HPOS="189" WC="0.93" STYLE="italics" STYLEREFS="font2"/>
              <String ID="word_1_22" CONTENT="abth&#228;te" HEIGHT="32" WIDTH="132" VPOS="290" HPOS="395" WC="0.9" STYLEREFS="font2"/>
              <String ID="word_1_23" CONTENT="g&#228;n" HEIGHT="35" WIDTH="65" VPOS="294" HPOS="550" WC="0.71" STYLEREFS="font2"/>
              <String ID="word_1_24" CONTENT="wie" HEIGHT="31" WIDTH="63" VPOS="290" HPOS="630" WC="0.91" STYLEREFS="font2"/>
              <String ID="word_1_25" CONTENT="d&#252;." HEIGHT="31" WIDTH="52" VPOS="290" HPOS="710" WC="0.71" STYLEREFS="font2"/>
            </TextLine>
          </TextBlock>
        </ComposedBlock>
        <ComposedBlock ID="carea_1_3" HEIGHT="139" WIDTH="1069" VPOS="353" HPOS="122">
          <TextBlock ID="par_1_3" HEIGHT="139" WIDTH="1069" VPOS="353" HPOS="122">
            <TextLine ID="line_1_5" HEIGHT="133" WIDTH="NaN" VPOS="-11" HPOS="0.002">
              <String ID="word_1_26" CONTENT="Durand:" HEIGHT="31" WIDTH="189" VPOS="353" HPOS="122" WC="0.96" STYLEREFS="font0"/>
              <String ID="word_1_27" CONTENT="Pardon," HEIGHT="36" WIDTH="147" VPOS="354" HPOS="339" WC="0.93" STYLE="italics" STYLEREFS="font0"/>
              <String ID="word_1_28" CONTENT="Unkel," HEIGHT="39" WIDTH="119" VPOS="353" HPOS="511" WC="0.91" STYLEREFS="font0"/>
              <String ID="word_1_29" CONTENT="d&#252;" HEIGHT="31" WIDTH="42" VPOS="353" HPOS="657" WC="0.9" STYLEREFS="font0"/>
              <String ID="word_1_30" CONTENT="hesch" HEIGHT="31" WIDTH="99" VPOS="353" HPOS="712" WC="0.9" STYLEREFS="font0"/>
              <String ID="word_1_31" CONTENT="verlicht" HEIGHT="33" WIDTH="138" VPOS="353" HPOS="835" WC="0.91" STYLEREFS="font0"/>
              <String ID="word_1_32" CONTENT="ganz" HEIGHT="31" WIDTH="83" VPOS="363" HPOS="988" WC="0.96" STYLEREFS="font0"/>
              <String ID="word_1_33" CONTENT="recht," HEIGHT="40" WIDTH="100" VPOS="355" HPOS="1089" WC="0.96" STYLEREFS="font0"/>
            </TextLine>
            <TextLine ID="line_1_6" HEIGHT="198" WIDTH="NaN" VPOS="-9" HPOS="0.003">
              <String ID="word_1_34" CONTENT="verlicht" HEIGHT="32" WIDTH="139" VPOS="406" HPOS="189" WC="0.91" STYLEREFS="font3"/>
              <String ID="word_1_35" CONTENT="isch" HEIGHT="32" WIDTH="69" VPOS="406" HPOS="351" WC="0.89" STYLEREFS="font3"/>
              <String ID="word_1_36" CONTENT="alles" HEIGHT="32" WIDTH="79" VPOS="406" HPOS="444" WC="0.93" STYLEREFS="font3"/>
              <String ID="word_1_37" CONTENT="uff" HEIGHT="32" WIDTH="46" VPOS="405" HPOS="548" WC="0.93" STYLEREFS="font3"/>
              <String ID="word_1_38" CONTENT="dere" HEIGHT="31" WIDTH="75" VPOS="407" HPOS="616" WC="0.92" STYLEREFS="font3"/>
              <String ID="word_1_39" CONTENT="krumme" HEIGHT="30" WIDTH="143" VPOS="408" HPOS="715" WC="0.9" STYLEREFS="font3"/>
              <String ID="word_1_40" CONTENT="gebuckelte" HEIGHT="40" WIDTH="193" VPOS="407" HPOS="882" WC="0.87" STYLEREFS="font3"/>
              <String ID="word_1_41" CONTENT="Welt" HEIGHT="33" WIDTH="92" VPOS="408" HPOS="1099" WC="0.96" STYLEREFS="font3"/>
            </TextLine>
            <TextLine ID="line_1_7" HEIGHT="190" WIDTH="NaN" VPOS="0" HPOS="-0.003">
              <String ID="word_1_42" CONTENT="nur" HEIGHT="22" WIDTH="60" VPOS="470" HPOS="190" WC="0.93" STYLEREFS="font4"/>
              <String ID="word_1_43" CONTENT="e" HEIGHT="22" WIDTH="17" VPOS="470" HPOS="274" WC="0.92" STYLEREFS="font4"/>
              <String ID="word_1_44" CONTENT="Dummheit!" HEIGHT="32" WIDTH="203" VPOS="460" HPOS="315" WC="0.89" STYLEREFS="font4"/>
            </TextLine>
          </TextBlock>
        </ComposedBlock>
        <ComposedBlock ID="carea_1_4" HEIGHT="148" WIDTH="1065" VPOS="522" HPOS="125">
          <TextBlock ID="par_1_4" HEIGHT="148" WIDTH="1065" VPOS="522" HPOS="125">
            <TextLine ID="line_1_8" HEIGHT="133" WIDTH="NaN" VPOS="-8" HPOS="0.001">
              <String ID="word_1_45" CONTENT="Olga:" HEIGHT="41" WIDTH="114" VPOS="522" HPOS="125" WC="0.93" STYLEREFS="font1"/>
              <String ID="word_1_46" CONTENT="(hastig" HEIGHT="41" WIDTH="121" VPOS="522" HPOS="265" WC="0.92" STYLEREFS="font1"/>
              <String ID="word_1_47" CONTENT="durch" HEIGHT="33" WIDTH="101" VPOS="522" HPOS="403" WC="0.86" STYLEREFS="font1"/>
              <String ID="word_1_48" CONTENT="die" HEIGHT="32" WIDTH="51" VPOS="522" HPOS="521" WC="0.93" STYLEREFS="font1"/>
              <String ID="word_1_49" CONTENT="Mittelt&#252;re" HEIGHT="33" WIDTH="183" VPOS="522" HPOS="588" WC="0.91" STYLEREFS="font1"/>
              <String ID="word_1_50" CONTENT="herein.)" HEIGHT="42" WIDTH="135" VPOS="522" HPOS="784" WC="0.91" STYLEREFS="font1"/>
              <String ID="word_1_51" CONTENT="Sie" HEIGHT="34" WIDTH="56" VPOS="522" HPOS="937" WC="0.93" STYLEREFS="font1"/>
              <String ID="word_1_52" CONTENT="exk&#252;siere," HEIGHT="40" WIDTH="180" VPOS="524" HPOS="1010" WC="0.92" STYLEREFS="font1"/>
            </TextLine>
            <TextLine ID="line_1_9" HEIGHT="201" WIDTH="NaN" VPOS="-10" HPOS="0.002">
              <String ID="word_1_53" CONTENT="e" HEIGHT="22" WIDTH="17" VPOS="586" HPOS="191" WC="0.87" STYLEREFS="font5"/>
              <String ID="word_1_54" CONTENT="grossi" HEIGHT="41" WIDTH="105" VPOS="576" HPOS="224" WC="0.92" STYLEREFS="font5"/>
              <String ID="word_1_55" CONTENT="nouvelle," HEIGHT="36" WIDTH="155" VPOS="578" HPOS="344" WC="0.9" STYLE="italics" STYLEREFS="font5"/>
              <String ID="word_1_56" CONTENT="e" HEIGHT="22" WIDTH="17" VPOS="586" HPOS="518" WC="0.92" STYLEREFS="font5"/>
              <String ID="word_1_57" CONTENT="grossi" HEIGHT="40" WIDTH="103" VPOS="576" HPOS="551" WC="0.91" STYLEREFS="font5"/>
              <String ID="word_1_58" CONTENT="surprise." HEIGHT="40" WIDTH="161" VPOS="578" HPOS="675" WC="0.91" STYLE="italics" STYLEREFS="font5"/>
              <String ID="word_1_59" CONTENT="Sie" HEIGHT="34" WIDTH="54" VPOS="576" HPOS="880" WC="0.91" STYLEREFS="font5"/>
              <String ID="word_1_60" CONTENT="rothe&#8217;s" HEIGHT="33" WIDTH="119" VPOS="576" HPOS="958" WC="0.86" STYLEREFS="font5"/>
              <String ID="word_1_61" CONTENT="nit?!" HEIGHT="33" WIDTH="88" VPOS="577" HPOS="1101" WC="0" STYLEREFS="font5"/>
            </TextLine>
            <TextLine ID="line_1_10" HEIGHT="199" WIDTH="NaN" VPOS="-9" HPOS="0.002">
              <String ID="word_1_62" CONTENT="Er" HEIGHT="32" WIDTH="48" VPOS="630" HPOS="190" WC="0.93" STYLEREFS="font3"/>
              <String ID="word_1_63" CONTENT="kummt," HEIGHT="40" WIDTH="132" VPOS="630" HPOS="260" WC="0.75" STYLEREFS="font3"/>
              <String ID="word_1_64" CONTENT="er" HEIGHT="23" WIDTH="34" VPOS="639" HPOS="419" WC="0.93" STYLEREFS="font3"/>
              <String ID="word_1_65" CONTENT="kummt" HEIGHT="31" WIDTH="142" VPOS="631" HPOS="476" WC="0.5" STYLEREFS="font3"/>
              <String ID="word_1_66" CONTENT="!" HEIGHT="48" WIDTH="24" VPOS="626" HPOS="590" WC="0.5" STYLEREFS="font3"/>
            </TextLine>
          </TextBlock>
        </ComposedBlock>
        <ComposedBlock ID="carea_1_5" HEIGHT="41" WIDTH="1000" VPOS="692" HPOS="124">
          <TextBlock ID="par_1_5" HEIGHT="41" WIDTH="1000" VPOS="692" HPOS="124">
            <TextLine ID="line_1_11" HEIGHT="132" WIDTH="NaN" VPOS="-8" HPOS="0.001">
              <String ID="word_1_67" CONTENT="Fritz" HEIGHT="32" WIDTH="117" VPOS="693" HPOS="124" WC="0.92" STYLEREFS="font0"/>
              <String ID="word_1_68" CONTENT="Grinsinger:" HEIGHT="41" WIDTH="271" VPOS="692" HPOS="266" WC="0.89" STYLEREFS="font0"/>
              <String ID="word_1_69" CONTENT="Wie" HEIGHT="32" WIDTH="76" VPOS="693" HPOS="563" WC="0.93" STYLEREFS="font0"/>
              <String ID="word_1_70" CONTENT="was?!" HEIGHT="33" WIDTH="116" VPOS="692" HPOS="663" WC="0" STYLEREFS="font0"/>
              <String ID="word_1_71" CONTENT="&#8212;" HEIGHT="3" WIDTH="39" VPOS="711" HPOS="809" WC="0.89" STYLEREFS="font0"/>
              <String ID="word_1_72" CONTENT="Wer" HEIGHT="31" WIDTH="82" VPOS="694" HPOS="873" WC="0.91" STYLEREFS="font0"/>
              <String ID="word_1_73" CONTENT="kummt?" HEIGHT="33" WIDTH="146" VPOS="693" HPOS="978" WC="0" STYLEREFS="font0"/>
            </TextLine>
          </TextBlock>
        </ComposedBlock>
        <ComposedBlock ID="carea_1_13" HEIGHT="41" WIDTH="1065" VPOS="755" HPOS="126">
          <TextBlock ID="par_1_19" HEIGHT="41" WIDTH="1065" VPOS="755" HPOS="126">
            <TextLine ID="line_1_12" HEIGHT="133" WIDTH="NaN" VPOS="-7" HPOS="0">
              <String ID="word_1_74" CONTENT="Olga:" HEIGHT="40" WIDTH="125" VPOS="756" HPOS="126" WC="0.96" STYLEREFS="font1"/>
              <String ID="word_1_75" CONTENT="Er" HEIGHT="32" WIDTH="48" VPOS="756" HPOS="275" WC="0.96" STYLEREFS="font1"/>
              <String ID="word_1_76" CONTENT="kommt!" HEIGHT="32" WIDTH="135" VPOS="756" HPOS="346" WC="0.96" STYLEREFS="font1"/>
              <String ID="word_1_77" CONTENT="In" HEIGHT="32" WIDTH="41" VPOS="755" HPOS="506" WC="0.93" STYLEREFS="font1"/>
              <String ID="word_1_78" CONTENT="zehn" HEIGHT="32" WIDTH="82" VPOS="756" HPOS="571" WC="0.92" STYLEREFS="font1"/>
              <String ID="word_1_79" CONTENT="Min&#252;te" HEIGHT="32" WIDTH="127" VPOS="756" HPOS="669" WC="0.87" STYLEREFS="font1"/>
              <String ID="word_1_80" CONTENT="kann&#8217;r" HEIGHT="31" WIDTH="115" VPOS="757" HPOS="812" WC="0.85" STYLEREFS="font1"/>
              <String ID="word_1_81" CONTENT="schun" HEIGHT="33" WIDTH="101" VPOS="756" HPOS="943" WC="0.85" STYLEREFS="font1"/>
              <String ID="word_1_82" CONTENT="do" HEIGHT="32" WIDTH="39" VPOS="757" HPOS="1062" WC="0.93" STYLEREFS="font1"/>
              <String ID="word_1_83" CONTENT="sin?" HEIGHT="33" WIDTH="73" VPOS="756" HPOS="1118" WC="0" STYLEREFS="font1"/>
            </TextLine>
          </TextBlock>
        </ComposedBlock>
        <ComposedBlock ID="carea_1_12" HEIGHT="43" WIDTH="932" VPOS="817" HPOS="125">
          <TextBlock ID="par_1_18" HEIGHT="43" WIDTH="932" VPOS="817" HPOS="125">
            <TextLine ID="line_1_13" HEIGHT="134" WIDTH="NaN" VPOS="-9" HPOS="0">
              <String ID="word_1_84" CONTENT="Fritz" HEIGHT="32" WIDTH="120" VPOS="819" HPOS="125" WC="0.92" STYLEREFS="font0"/>
              <String ID="word_1_85" CONTENT="Grinsinger:" HEIGHT="40" WIDTH="271" VPOS="818" HPOS="270" WC="0.89" STYLEREFS="font0"/>
              <String ID="word_1_86" CONTENT="(&#228;ngstlich)" HEIGHT="43" WIDTH="186" VPOS="817" HPOS="569" WC="0.89" STYLEREFS="font0"/>
              <String ID="word_1_87" CONTENT="Ja," HEIGHT="39" WIDTH="54" VPOS="820" HPOS="779" WC="0.93" STYLEREFS="font0"/>
              <String ID="word_1_88" CONTENT="wer" HEIGHT="22" WIDTH="68" VPOS="829" HPOS="858" WC="0.92" STYLEREFS="font0"/>
              <String ID="word_1_89" CONTENT="denn?" HEIGHT="34" WIDTH="106" VPOS="818" HPOS="951" WC="0" STYLEREFS="font0"/>
            </TextLine>
          </TextBlock>
        </ComposedBlock>
        <ComposedBlock ID="carea_1_11" HEIGHT="42" WIDTH="654" VPOS="880" HPOS="127">
          <TextBlock ID="par_1_17" HEIGHT="42" WIDTH="654" VPOS="880" HPOS="127">
            <TextLine ID="line_1_14" HEIGHT="135" WIDTH="NaN" VPOS="-8" HPOS="-0.002">
              <String ID="word_1_90" CONTENT="Olga:" HEIGHT="41" WIDTH="126" VPOS="881" HPOS="127" WC="0.93" STYLEREFS="font1"/>
              <String ID="word_1_91" CONTENT="Ei," HEIGHT="40" WIDTH="52" VPOS="881" HPOS="278" WC="0.89" STYLEREFS="font1"/>
              <String ID="word_1_92" CONTENT="Ihr" HEIGHT="32" WIDTH="57" VPOS="881" HPOS="356" WC="0.84" STYLEREFS="font1"/>
              <String ID="word_1_93" CONTENT="cousin" HEIGHT="31" WIDTH="114" VPOS="882" HPOS="436" WC="0.91" STYLE="italics" STYLEREFS="font1"/>
              <String ID="word_1_94" CONTENT="&#252;s" HEIGHT="29" WIDTH="36" VPOS="884" HPOS="574" WC="0.93" STYLEREFS="font1"/>
              <String ID="word_1_95" CONTENT="Leipzig." HEIGHT="42" WIDTH="147" VPOS="880" HPOS="634" WC="0.96" STYLEREFS="font1"/>
            </TextLine>
          </TextBlock>
        </ComposedBlock>
        <ComposedBlock ID="carea_1_10" HEIGHT="139" WIDTH="785" VPOS="936" HPOS="125">
          <TextBlock ID="par_1_6" HEIGHT="139" WIDTH="785" VPOS="936" HPOS="125">
            <TextLine ID="line_1_15" HEIGHT="125" WIDTH="NaN" VPOS="0" HPOS="-0.008">
              <String ID="word_1_96" CONTENT="Lisa," HEIGHT="32" WIDTH="120" VPOS="936" HPOS="126" WC="0.96" STYLEREFS="font6"/>
              <String ID="word_1_97" CONTENT="Jeannette," HEIGHT="32" WIDTH="213" VPOS="990" HPOS="126" WC="0.93" STYLEREFS="font6"/>
              <String ID="word_1_105" CONTENT="Durand:" HEIGHT="32" WIDTH="190" VPOS="1043" HPOS="125" WC="0.96" STYLEREFS="font6"/>
              <String ID="word_1_99" CONTENT="D'r" HEIGHT="32" WIDTH="60" VPOS="997" HPOS="396" WC="0.78" STYLEREFS="font6"/>
              <String ID="word_1_100" CONTENT="cousin" HEIGHT="31" WIDTH="113" VPOS="999" HPOS="478" WC="0.93" STYLE="italics" STYLEREFS="font6"/>
              <String ID="word_1_101" CONTENT="&#252;s" HEIGHT="28" WIDTH="36" VPOS="1001" HPOS="617" WC="0.93" STYLEREFS="font6"/>
              <String ID="word_1_102" CONTENT="Leipzig" HEIGHT="42" WIDTH="165" VPOS="996" HPOS="677" WC="0.93" STYLEREFS="font6"/>
              <String ID="word_1_103" CONTENT="?" HEIGHT="57" WIDTH="19" VPOS="986" HPOS="825" WC="0" STYLEREFS="font6"/>
              <String ID="word_1_104" CONTENT="!&#8212;" HEIGHT="31" WIDTH="52" VPOS="998" HPOS="858" WC="0.59" STYLEREFS="font6"/>
            </TextLine>
          </TextBlock>
        </ComposedBlock>
        <ComposedBlock ID="carea_1_8" HEIGHT="44" WIDTH="1068" VPOS="1102" HPOS="126">
          <TextBlock ID="par_1_9" HEIGHT="44" WIDTH="1068" VPOS="1102" HPOS="126">
            <TextLine ID="line_1_18" HEIGHT="134" WIDTH="NaN" VPOS="-8" HPOS="-0.003">
              <String ID="word_1_106" CONTENT="Fritz" HEIGHT="33" WIDTH="110" VPOS="1105" HPOS="126" WC="0.93" STYLEREFS="font5"/>
              <String ID="word_1_107" CONTENT="Grinsinger" HEIGHT="41" WIDTH="232" VPOS="1104" HPOS="262" WC="0.92" STYLEREFS="font5"/>
              <String ID="word_1_108" CONTENT="(f&#252;r" HEIGHT="43" WIDTH="67" VPOS="1103" HPOS="529" WC="0.96" STYLEREFS="font5"/>
              <String ID="word_1_109" CONTENT="sich):" HEIGHT="43" WIDTH="102" VPOS="1102" HPOS="619" WC="0.96" STYLEREFS="font5"/>
              <String ID="word_1_110" CONTENT="Ei" HEIGHT="32" WIDTH="44" VPOS="1104" HPOS="747" WC="0.93" STYLEREFS="font5"/>
              <String ID="word_1_111" CONTENT="d&#252;" HEIGHT="31" WIDTH="42" VPOS="1105" HPOS="815" WC="0.91" STYLEREFS="font5"/>
              <String ID="word_1_112" CONTENT="grosser" HEIGHT="31" WIDTH="128" VPOS="1113" HPOS="881" WC="0.93" STYLEREFS="font5"/>
              <String ID="word_1_113" CONTENT="Alledaa!" HEIGHT="33" WIDTH="158" VPOS="1104" HPOS="1036" WC="0.91" STYLEREFS="font5"/>
            </TextLine>
          </TextBlock>
        </ComposedBlock>
        <ComposedBlock ID="carea_1_9" HEIGHT="44" WIDTH="1067" VPOS="1164" HPOS="126">
          <TextBlock ID="par_1_16" HEIGHT="44" WIDTH="1067" VPOS="1164" HPOS="126">
            <TextLine ID="line_1_19" HEIGHT="134" WIDTH="NaN" VPOS="-8" HPOS="-0.002">
              <String ID="word_1_114" CONTENT="Madame" HEIGHT="32" WIDTH="171" VPOS="1168" HPOS="126" WC="0.93" STYLEREFS="font7"/>
              <String ID="word_1_115" CONTENT="Grinsinger" HEIGHT="41" WIDTH="232" VPOS="1167" HPOS="323" WC="0.91" STYLEREFS="font7"/>
              <String ID="word_1_116" CONTENT="(f&#252;r" HEIGHT="41" WIDTH="67" VPOS="1165" HPOS="578" WC="0.96" STYLEREFS="font7"/>
              <String ID="word_1_117" CONTENT="sich):" HEIGHT="43" WIDTH="103" VPOS="1164" HPOS="667" WC="0.8" STYLEREFS="font7"/>
              <String ID="word_1_118" CONTENT="E" HEIGHT="31" WIDTH="30" VPOS="1167" HPOS="795" WC="0.87" STYLEREFS="font7"/>
              <String ID="word_1_119" CONTENT="sch&#246;ni" HEIGHT="31" WIDTH="111" VPOS="1167" HPOS="842" WC="0.73" STYLEREFS="font7"/>
              <String ID="word_1_120" CONTENT="Bscheerung!" HEIGHT="41" WIDTH="225" VPOS="1167" HPOS="968" WC="0.9" STYLEREFS="font7"/>
            </TextLine>
          </TextBlock>
        </ComposedBlock>
        <ComposedBlock ID="carea_1_6" HEIGHT="207" WIDTH="1068" VPOS="1228" HPOS="128">
          <TextBlock ID="par_1_10" HEIGHT="207" WIDTH="1068" VPOS="1228" HPOS="128">
            <TextLine ID="line_1_20" HEIGHT="135" WIDTH="NaN" VPOS="-7" HPOS="-0.002">
              <String ID="word_1_121" CONTENT="Olga:" HEIGHT="41" WIDTH="125" VPOS="1230" HPOS="128" WC="0.96" STYLEREFS="font0"/>
              <String ID="word_1_122" CONTENT="Ja," HEIGHT="38" WIDTH="54" VPOS="1231" HPOS="279" WC="0.96" STYLEREFS="font0"/>
              <String ID="word_1_123" CONTENT="er" HEIGHT="22" WIDTH="34" VPOS="1239" HPOS="360" WC="0.93" STYLEREFS="font0"/>
              <String ID="word_1_124" CONTENT="hett" HEIGHT="32" WIDTH="71" VPOS="1230" HPOS="417" WC="0.92" STYLEREFS="font0"/>
              <String ID="word_1_125" CONTENT="telegraphiert" HEIGHT="40" WIDTH="234" VPOS="1230" HPOS="511" WC="0.9" STYLEREFS="font0"/>
              <String ID="word_1_126" CONTENT="&#252;s" HEIGHT="28" WIDTH="37" VPOS="1233" HPOS="769" WC="0.92" STYLEREFS="font0"/>
              <String ID="word_1_127" CONTENT="d'r" HEIGHT="31" WIDTH="48" VPOS="1230" HPOS="831" WC="0.65" STYLEREFS="font0"/>
              <String ID="word_1_128" CONTENT="Schwyz," HEIGHT="42" WIDTH="148" VPOS="1228" HPOS="903" WC="0.91" STYLEREFS="font0"/>
              <String ID="word_1_129" CONTENT="dass&#8217;" HEIGHT="31" WIDTH="82" VPOS="1230" HPOS="1078" WC="0.87" STYLEREFS="font0"/>
              <String ID="word_1_130" CONTENT="r" HEIGHT="22" WIDTH="16" VPOS="1240" HPOS="1180" WC="0.87" STYLEREFS="font0"/>
            </TextLine>
            <TextLine ID="line_1_21" HEIGHT="201" WIDTH="NaN" VPOS="-8" HPOS="-0.001">
              <String ID="word_1_131" CONTENT="uff" HEIGHT="33" WIDTH="49" VPOS="1283" HPOS="193" WC="0.92" STYLEREFS="font1"/>
              <String ID="word_1_132" CONTENT="d'r" HEIGHT="32" WIDTH="48" VPOS="1283" HPOS="263" WC="0.48" STYLEREFS="font1"/>
              <String ID="word_1_133" CONTENT="Reis" HEIGHT="31" WIDTH="78" VPOS="1284" HPOS="334" WC="0.93" STYLEREFS="font1"/>
              <String ID="word_1_134" CONTENT="hiehere-n-isch," HEIGHT="39" WIDTH="260" VPOS="1283" HPOS="436" WC="0.92" STYLEREFS="font1"/>
              <String ID="word_1_135" CONTENT="d&#8217;r" HEIGHT="31" WIDTH="49" VPOS="1284" HPOS="726" WC="0.76" STYLEREFS="font1"/>
              <String ID="word_1_136" CONTENT="Babbe" HEIGHT="33" WIDTH="115" VPOS="1282" HPOS="797" WC="0.91" STYLEREFS="font1"/>
              <String ID="word_1_137" CONTENT="isch" HEIGHT="32" WIDTH="71" VPOS="1283" HPOS="934" WC="0.87" STYLEREFS="font1"/>
              <String ID="word_1_138" CONTENT="gange" HEIGHT="31" WIDTH="105" VPOS="1292" HPOS="1027" WC="0.91" STYLEREFS="font1"/>
              <String ID="word_1_139" CONTENT="ne" HEIGHT="22" WIDTH="40" VPOS="1293" HPOS="1155" WC="0.96" STYLEREFS="font1"/>
            </TextLine>
            <TextLine ID="line_1_22" HEIGHT="201" WIDTH="NaN" VPOS="-7" HPOS="-0.002">
              <String ID="word_1_140" CONTENT="abhole-n-an" HEIGHT="32" WIDTH="204" VPOS="1338" HPOS="194" WC="0.91" STYLEREFS="font0"/>
              <String ID="word_1_141" CONTENT="d&#8217;r" HEIGHT="31" WIDTH="48" VPOS="1338" HPOS="423" WC="0.88" STYLEREFS="font0"/>
              <String ID="word_1_142" CONTENT="Isebahn," HEIGHT="39" WIDTH="152" VPOS="1337" HPOS="483" WC="0.88" STYLEREFS="font0"/>
              <String ID="word_1_143" CONTENT="unn" HEIGHT="22" WIDTH="65" VPOS="1347" HPOS="659" WC="0.9" STYLEREFS="font0"/>
              <String ID="word_1_144" CONTENT="ich" HEIGHT="33" WIDTH="52" VPOS="1336" HPOS="748" WC="0.92" STYLEREFS="font0"/>
              <String ID="word_1_145" CONTENT="soll" HEIGHT="32" WIDTH="60" VPOS="1336" HPOS="824" WC="0.92" STYLEREFS="font0"/>
              <String ID="word_1_146" CONTENT="Sie" HEIGHT="34" WIDTH="55" VPOS="1335" HPOS="908" WC="0.93" STYLEREFS="font0"/>
              <String ID="word_1_147" CONTENT="preweniere," HEIGHT="41" WIDTH="208" VPOS="1336" HPOS="987" WC="0.92" STYLEREFS="font0"/>
            </TextLine>
            <TextLine ID="line_1_23" HEIGHT="206" WIDTH="NaN" VPOS="-11" HPOS="-0.002">
              <String ID="word_1_148" CONTENT="dass&#8217;r" HEIGHT="32" WIDTH="102" VPOS="1392" HPOS="195" WC="0.9" STYLEREFS="font8"/>
              <String ID="word_1_149" CONTENT="direkt" HEIGHT="43" WIDTH="107" VPOS="1392" HPOS="321" WC="0.92" STYLEREFS="font8"/>
              <String ID="word_1_150" CONTENT="mit&#8217;m" HEIGHT="33" WIDTH="100" VPOS="1390" HPOS="451" WC="0.61" STYLEREFS="font8"/>
              <String ID="word_1_151" CONTENT="do" HEIGHT="31" WIDTH="38" VPOS="1392" HPOS="576" WC="0.96" STYLEREFS="font8"/>
              <String ID="word_1_152" CONTENT="here" HEIGHT="32" WIDTH="77" VPOS="1391" HPOS="638" WC="0.96" STYLEREFS="font8"/>
              <String ID="word_1_153" CONTENT="ze" HEIGHT="22" WIDTH="36" VPOS="1400" HPOS="739" WC="0.92" STYLEREFS="font8"/>
              <String ID="word_1_154" CONTENT="fahre" HEIGHT="33" WIDTH="92" VPOS="1390" HPOS="799" WC="0.86" STYLEREFS="font8"/>
              <String ID="word_1_155" CONTENT="kummt." HEIGHT="31" WIDTH="131" VPOS="1391" HPOS="915" WC="0.89" STYLEREFS="font8"/>
            </TextLine>
          </TextBlock>
        </ComposedBlock>
        <ComposedBlock ID="carea_1_15" HEIGHT="42" WIDTH="660" VPOS="1443" HPOS="128">
          <TextBlock ID="par_1_11" HEIGHT="42" WIDTH="660" VPOS="1443" HPOS="128">
            <TextLine ID="line_1_24" HEIGHT="136" WIDTH="NaN" VPOS="-8" HPOS="-0.002">
              <String ID="word_1_156" CONTENT="Fritz" HEIGHT="32" WIDTH="110" VPOS="1445" HPOS="128" WC="0.93" STYLEREFS="font0"/>
              <String ID="word_1_157" CONTENT="Grinsinger:" HEIGHT="40" WIDTH="254" VPOS="1445" HPOS="263" WC="0.89" STYLEREFS="font0"/>
              <String ID="word_1_158" CONTENT="Do" HEIGHT="33" WIDTH="51" VPOS="1444" HPOS="542" WC="0.93" STYLEREFS="font0"/>
              <String ID="word_1_159" CONTENT="zue" HEIGHT="22" WIDTH="59" VPOS="1454" HPOS="618" WC="0.91" STYLEREFS="font0"/>
              <String ID="word_1_160" CONTENT="uns?" HEIGHT="33" WIDTH="88" VPOS="1443" HPOS="700" WC="0" STYLEREFS="font0"/>
            </TextLine>
          </TextBlock>
        </ComposedBlock>
        <ComposedBlock ID="carea_1_14" HEIGHT="143" WIDTH="1065" VPOS="1495" HPOS="132">
          <TextBlock ID="par_1_12" HEIGHT="143" WIDTH="1065" VPOS="1495" HPOS="132">
            <TextLine ID="line_1_25" HEIGHT="141" WIDTH="NaN" VPOS="-9" HPOS="-0.002">
              <String ID="word_1_161" CONTENT="Olga:" HEIGHT="41" WIDTH="122" VPOS="1498" HPOS="132" WC="0.96" STYLEREFS="font1"/>
              <String ID="word_1_162" CONTENT="Ja," HEIGHT="39" WIDTH="54" VPOS="1500" HPOS="281" WC="0.93" STYLEREFS="font1"/>
              <String ID="word_1_163" CONTENT="zue" HEIGHT="23" WIDTH="59" VPOS="1508" HPOS="361" WC="0.68" STYLEREFS="font1"/>
              <String ID="word_1_164" CONTENT="Ihne" HEIGHT="32" WIDTH="102" VPOS="1498" HPOS="442" WC="0.48" STYLEREFS="font1"/>
              <String ID="word_1_165" CONTENT="!" HEIGHT="53" WIDTH="27" VPOS="1491" HPOS="521" WC="0.48" STYLEREFS="font1"/>
              <String ID="word_1_166" CONTENT="(trocknet" HEIGHT="45" WIDTH="161" VPOS="1495" HPOS="571" WC="0.91" STYLEREFS="font1"/>
              <String ID="word_1_167" CONTENT="sich" HEIGHT="32" WIDTH="69" VPOS="1498" HPOS="755" WC="0.94" STYLEREFS="font1"/>
              <String ID="word_1_168" CONTENT="den" HEIGHT="31" WIDTH="61" VPOS="1498" HPOS="848" WC="0.93" STYLEREFS="font1"/>
              <String ID="word_1_169" CONTENT="Schweiss" HEIGHT="34" WIDTH="162" VPOS="1496" HPOS="940" WC="0.92" STYLEREFS="font1"/>
              <String ID="word_1_170" CONTENT="von" HEIGHT="23" WIDTH="64" VPOS="1507" HPOS="1133" WC="0.96" STYLEREFS="font1"/>
            </TextLine>
            <TextLine ID="line_1_26" HEIGHT="205" WIDTH="NaN" VPOS="-9" HPOS="-0.002">
              <String ID="word_1_171" CONTENT="der" HEIGHT="31" WIDTH="56" VPOS="1553" HPOS="196" WC="0.93" STYLEREFS="font1"/>
              <String ID="word_1_172" CONTENT="Stirne)" HEIGHT="43" WIDTH="121" VPOS="1550" HPOS="277" WC="0.92" STYLEREFS="font1"/>
              <String ID="word_1_173" CONTENT="O" HEIGHT="34" WIDTH="29" VPOS="1551" HPOS="423" WC="0.92" STYLEREFS="font1"/>
              <String ID="word_1_174" CONTENT="Gott," HEIGHT="40" WIDTH="90" VPOS="1551" HPOS="471" WC="0.92" STYLEREFS="font1"/>
              <String ID="word_1_175" CONTENT="bin" HEIGHT="33" WIDTH="56" VPOS="1551" HPOS="587" WC="0.96" STYLEREFS="font1"/>
              <String ID="word_1_176" CONTENT="ich" HEIGHT="32" WIDTH="51" VPOS="1551" HPOS="667" WC="0.96" STYLEREFS="font1"/>
              <String ID="word_1_177" CONTENT="in" HEIGHT="32" WIDTH="33" VPOS="1551" HPOS="742" WC="0.93" STYLEREFS="font1"/>
              <String ID="word_1_178" CONTENT="ere-n-Uffrejung!" HEIGHT="40" WIDTH="285" VPOS="1550" HPOS="799" WC="0.91" STYLEREFS="font1"/>
              <String ID="word_1_179" CONTENT="Isch" HEIGHT="32" WIDTH="76" VPOS="1551" HPOS="1121" WC="0.88" STYLEREFS="font1"/>
            </TextLine>
            <TextLine ID="line_1_27" HEIGHT="197" WIDTH="NaN" VPOS="0" HPOS="-0.004">
              <String ID="word_1_180" CONTENT="d'r" HEIGHT="32" WIDTH="47" VPOS="1606" HPOS="197" WC="0.81" STYLEREFS="font9"/>
              <String ID="word_1_181" CONTENT="Herr" HEIGHT="32" WIDTH="88" VPOS="1606" HPOS="266" WC="0.96" STYLEREFS="font9"/>
              <String ID="word_1_182" CONTENT="Professor" HEIGHT="33" WIDTH="171" VPOS="1605" HPOS="377" WC="0.93" STYLEREFS="font9"/>
              <String ID="word_1_183" CONTENT="drowwe" HEIGHT="33" WIDTH="168" VPOS="1604" HPOS="572" WC="0.91" STYLEREFS="font9"/>
              <String ID="word_1_184" CONTENT="?" HEIGHT="51" WIDTH="35" VPOS="1600" HPOS="707" WC="0" STYLEREFS="font9"/>
            </TextLine>
          </TextBlock>
        </ComposedBlock>
        <ComposedBlock ID="carea_1_7" HEIGHT="99" WIDTH="1070" VPOS="1663" HPOS="127">
          <TextBlock ID="par_1_13" HEIGHT="99" WIDTH="1070" VPOS="1663" HPOS="127">
            <TextLine ID="line_1_28" HEIGHT="135" WIDTH="NaN" VPOS="-8" HPOS="-0.003">
              <String ID="word_1_185" CONTENT="Fritz" HEIGHT="32" WIDTH="109" VPOS="1668" HPOS="127" WC="0.92" STYLEREFS="font0"/>
              <String ID="word_1_186" CONTENT="Grinsinger:" HEIGHT="41" WIDTH="250" VPOS="1667" HPOS="261" WC="0.89" STYLEREFS="font0"/>
              <String ID="word_1_187" CONTENT="Nein," HEIGHT="41" WIDTH="93" VPOS="1667" HPOS="538" WC="0.96" STYLEREFS="font0"/>
              <String ID="word_1_188" CONTENT="er" HEIGHT="23" WIDTH="35" VPOS="1676" HPOS="647" WC="0.96" STYLEREFS="font0"/>
              <String ID="word_1_189" CONTENT="isch" HEIGHT="32" WIDTH="69" VPOS="1667" HPOS="697" WC="0.96" STYLEREFS="font0"/>
              <String ID="word_1_190" CONTENT="uff" HEIGHT="32" WIDTH="47" VPOS="1666" HPOS="783" WC="0.92" STYLEREFS="font0"/>
              <String ID="word_1_191" CONTENT="d&#8217;r" HEIGHT="31" WIDTH="48" VPOS="1667" HPOS="849" WC="0.91" STYLEREFS="font0"/>
              <String ID="word_1_192" CONTENT="Bibliothek." HEIGHT="33" WIDTH="195" VPOS="1665" HPOS="914" WC="0.95" STYLEREFS="font0"/>
              <String ID="word_1_193" CONTENT="(f&#252;r" HEIGHT="45" WIDTH="64" VPOS="1663" HPOS="1133" WC="0.96" STYLEREFS="font0"/>
            </TextLine>
            <TextLine ID="line_1_29" HEIGHT="205" WIDTH="NaN" VPOS="-9" HPOS="-0.003">
              <String ID="word_1_194" CONTENT="sich)" HEIGHT="44" WIDTH="82" VPOS="1718" HPOS="196" WC="0.96" STYLEREFS="font7"/>
              <String ID="word_1_195" CONTENT="Diss" HEIGHT="32" WIDTH="77" VPOS="1721" HPOS="302" WC="0.96" STYLEREFS="font7"/>
              <String ID="word_1_196" CONTENT="soll" HEIGHT="32" WIDTH="60" VPOS="1721" HPOS="403" WC="0.89" STYLEREFS="font7"/>
              <String ID="word_1_197" CONTENT="nix" HEIGHT="31" WIDTH="57" VPOS="1721" HPOS="489" WC="0.89" STYLEREFS="font7"/>
              <String ID="word_1_198" CONTENT="sin!" HEIGHT="31" WIDTH="69" VPOS="1721" HPOS="571" WC="0.94" STYLEREFS="font7"/>
            </TextLine>
          </TextBlock>
        </ComposedBlock>
        <ComposedBlock ID="carea_1_17" HEIGHT="150" WIDTH="1069" VPOS="1772" HPOS="129">
          <TextBlock ID="par_1_14" HEIGHT="150" WIDTH="1069" VPOS="1772" HPOS="129">
            <TextLine ID="line_1_30" HEIGHT="136" WIDTH="NaN" VPOS="-7" HPOS="-0.003">
              <String ID="word_1_200" CONTENT="Olga:" HEIGHT="39" WIDTH="121" VPOS="1775" HPOS="129" WC="0.93" STYLEREFS="font3"/>
              <String ID="word_1_201" CONTENT="Uff" HEIGHT="33" WIDTH="60" VPOS="1774" HPOS="274" WC="0.92" STYLEREFS="font3"/>
              <String ID="word_1_202" CONTENT="d&#8217;r" HEIGHT="32" WIDTH="46" VPOS="1774" HPOS="357" WC="0.81" STYLEREFS="font3"/>
              <String ID="word_1_203" CONTENT="Bibliothek?" HEIGHT="33" WIDTH="216" VPOS="1773" HPOS="427" WC="0.91" STYLEREFS="font3"/>
              <String ID="word_1_204" CONTENT="Do" HEIGHT="32" WIDTH="51" VPOS="1774" HPOS="667" WC="0.96" STYLEREFS="font3"/>
              <String ID="word_1_205" CONTENT="will" HEIGHT="32" WIDTH="66" VPOS="1773" HPOS="743" WC="0.96" STYLEREFS="font3"/>
              <String ID="word_1_206" CONTENT="ich" HEIGHT="32" WIDTH="53" VPOS="1773" HPOS="833" WC="0.96" STYLEREFS="font3"/>
              <String ID="word_1_207" CONTENT="doch" HEIGHT="32" WIDTH="81" VPOS="1773" HPOS="907" WC="0.96" STYLEREFS="font3"/>
              <String ID="word_1_208" CONTENT="glich" HEIGHT="40" WIDTH="86" VPOS="1772" HPOS="1005" WC="0.96" STYLEREFS="font3"/>
              <String ID="word_1_209" CONTENT="anne" HEIGHT="23" WIDTH="82" VPOS="1781" HPOS="1115" WC="0.96" STYLEREFS="font3"/>
            </TextLine>
            <TextLine ID="line_1_31" HEIGHT="207" WIDTH="NaN" VPOS="-9" HPOS="-0.003">
              <String ID="word_1_210" CONTENT="for" HEIGHT="32" WIDTH="49" VPOS="1828" HPOS="198" WC="0.96" STYLEREFS="font0"/>
              <String ID="word_1_211" CONTENT="ne" HEIGHT="21" WIDTH="40" VPOS="1838" HPOS="269" WC="0.96" STYLEREFS="font0"/>
              <String ID="word_1_212" CONTENT="au" HEIGHT="22" WIDTH="40" VPOS="1838" HPOS="334" WC="0.96" STYLEREFS="font0"/>
              <String ID="word_1_213" CONTENT="ze" HEIGHT="22" WIDTH="36" VPOS="1837" HPOS="405" WC="0.93" STYLEREFS="font0"/>
              <String ID="word_1_214" CONTENT="preweniere." HEIGHT="40" WIDTH="207" VPOS="1828" HPOS="477" WC="0.91" STYLEREFS="font0"/>
              <String ID="word_1_215" CONTENT="Sie" HEIGHT="33" WIDTH="54" VPOS="1826" HPOS="726" WC="0.93" STYLEREFS="font0"/>
              <String ID="word_1_216" CONTENT="exk&#252;siere," HEIGHT="40" WIDTH="179" VPOS="1826" HPOS="805" WC="0.8" STYLEREFS="font0"/>
              <String ID="word_1_217" CONTENT="au" HEIGHT="21" WIDTH="46" VPOS="1836" HPOS="1019" WC="0.95" STYLE="italics" STYLEREFS="font0"/>
              <String ID="word_1_218" CONTENT="revoir" HEIGHT="31" WIDTH="111" VPOS="1826" HPOS="1087" WC="0.96" STYLE="italics" STYLEREFS="font0"/>
            </TextLine>
            <TextLine ID="line_1_32" HEIGHT="206" WIDTH="NaN" VPOS="-9" HPOS="-0.005">
              <String ID="word_1_219" CONTENT="(hastig" HEIGHT="42" WIDTH="120" VPOS="1880" HPOS="197" WC="0.92" STYLEREFS="font1"/>
              <String ID="word_1_220" CONTENT="ab)." HEIGHT="41" WIDTH="63" VPOS="1880" HPOS="342" WC="0.95" STYLEREFS="font1"/>
            </TextLine>
          </TextBlock>
        </ComposedBlock>
        <ComposedBlock ID="carea_1_16" HEIGHT="44" WIDTH="1067" VPOS="1932" HPOS="128">
          <TextBlock ID="par_1_15" HEIGHT="44" WIDTH="1067" VPOS="1932" HPOS="128">
            <TextLine ID="line_1_33" HEIGHT="138" WIDTH="NaN" VPOS="-10" HPOS="-0.003">
              <String ID="word_1_221" CONTENT="Durand" HEIGHT="32" WIDTH="157" VPOS="1934" HPOS="128" WC="0.92" STYLEREFS="font5"/>
              <String ID="word_1_222" CONTENT="(ironisch):" HEIGHT="43" WIDTH="187" VPOS="1933" HPOS="318" WC="0.96" STYLEREFS="font5"/>
              <String ID="word_1_223" CONTENT="Diss" HEIGHT="32" WIDTH="77" VPOS="1934" HPOS="539" WC="0.96" STYLEREFS="font5"/>
              <String ID="word_1_224" CONTENT="isch" HEIGHT="32" WIDTH="70" VPOS="1934" HPOS="639" WC="0.93" STYLEREFS="font5"/>
              <String ID="word_1_225" CONTENT="e-n-angenehmi" HEIGHT="41" WIDTH="255" VPOS="1932" HPOS="745" WC="0.91" STYLEREFS="font5"/>
              <String ID="word_1_226" CONTENT="nouvelle" HEIGHT="31" WIDTH="148" VPOS="1933" HPOS="1023" WC="0.83" STYLE="italics" STYLEREFS="font5"/>
              <String ID="word_1_227" CONTENT="!" HEIGHT="30" WIDTH="13" VPOS="1933" HPOS="1182" WC="0.81" STYLEREFS="font5"/>
            </TextLine>
          </TextBlock>
        </ComposedBlock>
      </PrintSpace>
    </Page>
  </Layout>
</alto>
