1 1
581 64 42 4 —
672 50 40 29 92
760 64 42 5 —

220 145 82 32 noch
326 144 52 32 fur
403 144 138 32 e-n-End
570 143 166 33 nemme?!
771 162 41 3 —
842 141 46 45 (es
911 144 82 32 wird
1018 143 94 41 eifrig
1137 143 82 34 Sekt

220 207 207 32 zugegossen.
474 198 94 32 Nach
592 198 87 31 einer
702 198 130 32 kleinen
855 198 106 32 Pause
985 197 106 41 klopft
1124 198 95 33 Grin-

221 252 108 40 singer
353 254 67 30 an’s
445 250 105 40 Glas.)

153 306 107 32 Hans
286 305 246 39 Grinsinger:
559 303 243 34 Stillentzium!!
821 304 110 32 Liewe
948 303 271 34 Sachsenbrieder

220 359 64 31 uud
310 358 352 38 Sachsenschwestern,
688 359 57 30 der
767 358 133 40 geehrte
925 359 87 31 Herr
1034 359 186 32 Vorrädner

219 413 58 31 hat
312 421 96 22 unser
442 411 152 32 scheenes
635 411 179 32 Vaterland
849 411 82 32 hoch
966 412 103 31 läwen
1102 412 116 39 lassen,

221 466 133 31 dadrum
390 465 127 32 fordere
547 465 50 32 ich
632 464 53 33 Sie
717 464 58 32 auf
803 465 56 31 das
899 464 135 33 Gleiche
1073 475 40 22 zu
1151 467 66 30 tun.

219 519 156 33 Worscht
402 519 121 31 wieder
547 518 163 40 Worscht,
735 518 120 32 heest’s
879 518 51 32 bei
960 528 69 22 uns.
1076 519 46 32 Es
1147 518 72 33 lebe

220 573 213 32 Frankreich!
481 574 78 30 Vive
582 575 35 29 la
640 572 156 40 Frangss!
823 590 40 3 —

154 626 191 33 Gauthier
370 626 116 40 (stürzt
510 626 69 32 sich
603 627 139 30 entsetzt
766 625 59 32 auf
845 626 93 31 Hans
964 625 192 41 Grinsinger
1180 636 40 22 zu

219 681 65 30 und
313 680 68 31 hält
408 680 66 31 ihm
509 679 62 32 den
600 680 103 31 Mund
738 678 52 39 zu)
825 678 91 33 Um’s
954 679 265 32 Himmelswillen

220 725 109 41 Onkel
363 733 96 32 keine
494 732 242 33 Dummheiten!
774 733 48 40 (er
849 732 126 32 flüstert
1003 733 93 31 Hans
1125 732 96 33 Grin-

219 786 108 40 singer
351 788 101 30 etwas
476 786 50 32 in’s
551 785 93 41 Ohr.)

151 849 107 32 Hans
284 848 238 41 Grinsinger
546 846 95 43 (ganz
665 847 234 42 verwundert):
931 848 74 32 Ach
1028 847 124 33 Blech?
1178 866 41 4 —

218 902 52 32 Na
293 902 242 40 meinetwegen,
568 912 95 22 wenn
689 903 25 30 ’s
738 911 34 23 so
801 901 284 40 staatsgefährlich
1112 901 37 39 is,
1180 902 41 32 da

218 955 145 33 schreien
371 955 149 32 wir eben
533 955 102 32 nicht:
657 956 76 30 Vive
750 957 33 30 la
795 955 158 39 Frangss!
972 955 137 32 sondern
1121 964 99 31 sagen

217 1018 84 31 ganz
335 1008 135 33 eenfach
502 1008 59 32 auf
591 1011 59 37 gut
673 1008 181 33 französch:
887 1009 30 30 A
947 1010 87 30 vôtre
1062 1007 156 41 Sangtee!

219 1062 61 40 (Er
308 1064 99 30 stösst
430 1062 58 32 mit
515 1065 41 28 de
579 1063 85 31 Rose
688 1072 53 30 an,
773 1062 61 31 alle
862 1062 108 40 folgen
999 1062 119 31 seinem
1145 1062 74 31 Bei-

218 1116 81 40 spiel
323 1116 64 31 und
412 1116 120 31 suchen
557 1116 56 31 das
630 1114 44 41 „à
690 1119 89 28 votre
802 1114 114 33 santé“
941 1125 34 22 so
999 1116 58 39 gut
1081 1125 33 22 es
1136 1115 80 32 eben

217 1169 79 40 geht
317 1168 307 41 herauszubringen.
654 1170 51 30 De
728 1170 86 31 Rose
836 1169 148 40 verneigt
1008 1168 69 33 sich
1099 1168 118 33 höflich

217 1222 58 32 mit
310 1222 118 32 seinem
466 1222 110 33 Glase.
629 1222 92 32 Hans
758 1222 191 39 Grinsinger
984 1222 130 32 wendet
1148 1221 68 33 sich

217 1276 173 32 wiederum
409 1275 160 33 Gauthier
592 1285 49 30 zu,
667 1276 58 32 mit
738 1276 71 31 dem
833 1285 34 22 er
882 1274 127 33 lebhaft
1033 1275 182 32 diskutiert.

217 1329 84 32 Eine
324 1329 130 32 Anzahl
478 1329 188 40 Mitglieder
689 1329 105 40 gehen
817 1329 31 31 in
875 1329 61 31 den
960 1327 149 42 Garten.)

150 1391 57 32 De
230 1392 99 31 Rose
353 1392 53 39 (zu
432 1391 91 32 Fritz
550 1390 217 41 Grinsinger):
809 1392 40 31 Si
864 1392 70 39 j'ai
961 1392 72 30 bien
1060 1392 154 39 compris,

217 1455 33 21 ce
273 1447 217 29 malheureux
511 1455 22 21 a
560 1447 99 30 voulu
681 1446 171 30 entraîner
876 1446 36 29 la
933 1443 115 33 société
1070 1443 23 32 à
1113 1445 103 30 crier:

224 1500 78 30 Vive
325 1500 35 30 la
384 1499 146 31 France!

151 1561 111 32 Fritz
286 1560 233 40 Grinsinger
543 1560 104 42 (nickt
670 1557 230 45 bestätigend):
926 1560 244 39 Parfaitement
1181 1560 13 30 !

151 1623 56 31 De
230 1623 116 32 Rose:
373 1624 92 30 Mais
480 1624 75 30 c’est
571 1622 145 32 insensé!
741 1623 92 31 Mais
855 1623 27 31 il
897 1622 82 39 faut
1003 1632 59 30 que
1070 1621 39 40 je
1123 1632 93 21 serre

217 1686 115 21 encore
354 1687 64 20 une
433 1675 75 40 fois
532 1677 34 30 la
588 1677 96 30 main
708 1678 39 28 de
769 1685 33 21 ce
826 1677 98 29 brave
948 1673 90 42 (geht
1050 1673 59 33 auf
1122 1675 93 31 Hans

219 1729 190 40 Grinsinger
433 1739 41 21 zu
502 1729 64 31 und
595 1729 155 31 schüttelt
778 1729 63 31 ihm
870 1727 123 41 kräftig
1018 1727 50 32 die
1091 1725 122 43 Hand).

223 1781 85 33 Cher
324 1783 181 37 Monsieur,
517 1785 177 38 permettez
711 1783 68 30 moi
790 1784 39 29 de
841 1792 79 21 vous
930 1792 113 21 serrer
1060 1783 34 29 la
1109 1781 105 36 main,

217 1839 30 28 et
261 1846 113 30 croyez
397 1837 69 30 moi
488 1846 61 30 que
565 1836 37 40 je
617 1836 73 31 sais
712 1835 175 41 apprécier
904 1834 18 32 à
935 1845 41 21 sa
991 1835 93 39 juste
1100 1835 115 30 valeur

218 1890 93 31 l'acte
333 1890 163 40 heroïque,
523 1890 92 31 l'acte
629 1890 142 30 sublime
794 1891 77 29 dont
887 1888 38 40 je
940 1887 65 40 fus
1021 1889 30 30 le
1072 1886 141 33 témoin!
