1 1
439 88 41 4 —
529 74 40 28 69
617 88 41 4 —

80 170 201 33 schiedenste
315 178 105 31 gegen
453 168 70 32 eine
559 168 107 32 solche
698 168 223 39 Verhöhnung
957 168 120 32 meiner

78 224 136 32 Person!

15 287 104 32 Fritz
145 285 234 40 Grinsinger
403 284 65 40 (für
491 284 97 39 sich):
614 284 62 32 Mit
701 284 38 31 de
763 284 105 32 Erbse
893 285 119 31 wurd’s
1037 285 39 31 do

81 350 40 22 au
145 339 72 32 nix!

13 404 109 31 Hans
159 402 238 39 Grinsinger
431 399 268 43 (besänftigend):
740 400 92 32 Aber
862 401 93 39 Karl,
995 401 82 32 koch

80 456 79 32 doch
184 456 74 32 nich
281 455 106 40 gleich
411 465 35 22 so
469 455 93 31 über!

14 519 211 33 Gauthier:
251 519 67 32 Das
342 519 84 30 lasse
450 518 52 31 ich
525 517 60 32 mir
608 516 129 33 einfach
753 517 89 32 nicht
865 517 118 32 bieten.
1009 517 67 40 Ich,

79 573 57 31 der
157 572 172 32 Präsident
353 572 56 31 des
426 570 277 40 Sachsenbundes,
721 571 151 40 Mitglied
894 571 184 32 sämtlicher

80 625 376 40 deutsch-patriotischer
487 624 154 39 Vereine,
678 624 52 32 ich
759 625 90 31 hätte
882 624 93 32 einen
1011 635 68 22 aus-

80 680 239 40 gesprochenen
351 678 239 32 französischen
626 677 155 33 Schädel!
834 678 52 32 Da
921 678 72 32 hört
1028 678 51 32 die

81 732 255 34 Gemütlichkeit
360 731 64 33 auf.
472 732 58 32 Ich
554 732 108 32 wollte
686 732 62 31 mal
772 732 109 39 sehen,
905 741 68 23 was
994 732 87 32 Herr

81 787 190 39 Grinsinger
295 787 115 39 gesagt
433 786 100 39 hätte,
558 795 95 23 wenn
676 795 72 22 man
773 786 57 31 das
852 795 63 23 von
939 785 65 32 ihm
1028 795 53 31 ge-

81 842 73 38 sagt
177 841 99 35 hätte.

14 904 112 32 Fritz
151 903 245 40 Grinsinger:
433 902 58 32 Ich
529 902 182 32 versichere
740 901 64 40 Sie,
836 911 34 23 es
905 902 89 32 hätte
1022 901 59 32 mir

80 967 58 30 gar
160 957 106 31 nichts
292 956 158 40 gemacht.

12 1020 108 32 Hans
146 1019 256 40 Grinsinger:
427 1019 97 31 Dann
547 1018 43 32 ist
615 1028 33 22 es
672 1018 127 40 schade,
827 1018 73 32 dass
918 1018 57 32 Ihr
1003 1027 76 23 eure

80 1074 120 39 Köppe
236 1082 83 22 wess
343 1072 226 41 Kneeppchen
603 1072 90 32 nicht
720 1072 214 32 vertauschen
962 1072 116 32 könnt!

16 1135 196 33 Gauthier
236 1134 71 42 (mit
329 1144 127 31 grosser
478 1132 245 43 Erbitterung):
752 1134 68 40 Ich,
847 1134 234 33 französischer

81 1189 246 39 Abstammung,
354 1189 57 31 das
435 1188 43 32 ist
503 1188 127 32 einfach
654 1188 199 40 undenkbar,
885 1188 81 31 nach
990 1187 91 40 Lage

81 1243 121 32 meiner
231 1242 191 40 Gesinnung
457 1242 203 32 undenkbar!
703 1260 40 3 —
777 1242 53 31 Da
857 1243 142 30 müssten
1031 1241 51 32 die

83 1297 172 39 heiligsten
281 1296 141 32 Gefühle
450 1296 33 31 in
507 1296 59 31 mir
590 1296 112 40 lügen!
727 1296 124 31 Woher
880 1297 93 30 käme
998 1296 84 30 dann

83 1350 103 32 meine
209 1350 102 32 Liebe
335 1360 71 22 zum
430 1350 189 40 Vaterland,
645 1350 103 31 meine
764 1350 106 31 Treue
893 1359 41 22 zu
957 1349 123 40 König,

85 1404 123 31 Kaiser
230 1404 65 31 und
319 1402 141 34 Reich
431 1398 34 50 ?!

19 1467 62 32 Dr.
105 1467 264 40 Kneppchen:
404 1465 55 33 Sie
490 1467 71 31 sind
593 1466 82 32 eben
704 1467 56 31 das
785 1466 92 32 Kind
908 1465 92 32 Ihrer
1022 1465 62 32 Er-

84 1520 148 40 ziehung.
257 1520 123 32 Wären
393 1519 55 33 Sie
472 1521 33 31 in
521 1520 201 32 Frankreich
745 1529 146 31 erzogen,
918 1529 33 23 so
975 1523 109 28 wären

86 1572 55 34 Sie
165 1573 81 32 eben
271 1573 51 32 ein
347 1573 234 33 französischer
604 1574 126 32 Patriot
746 1574 190 40 geworden.

19 1644 213 33 Gauthier:
264 1645 89 31 Mein
385 1644 165 33 Innerstes
585 1645 94 31 dreht
717 1645 68 31 sich
815 1654 53 22 um
899 1644 52 32 bei
976 1644 105 31 einem

87 1698 130 32 solchen
239 1697 194 33 Gedanken!
460 1697 115 34 Solche
593 1697 142 33 Gefühle
752 1698 123 32 erzieht
890 1707 73 22 man
987 1697 97 39 nicht,

89 1751 50 32 die
170 1753 132 31 stecken
335 1752 42 31 im
405 1753 95 31 Blut!
538 1753 109 31 Wenn
681 1753 75 31 Ihre
781 1752 227 39 Behauptung,
1034 1750 53 32 ich

89 1805 46 32 sei
174 1804 234 33 französischer
447 1805 250 41 Abstammung,
738 1805 68 32 sich
845 1804 241 33 bewahrheiten

89 1858 103 39 sollte,
224 1868 34 22 so
281 1859 112 32 würde
416 1859 52 32 ich
491 1859 60 32 mir
575 1859 76 32 eher
676 1859 71 31 eine
762 1859 113 39 Kugel
900 1858 99 31 durch
1025 1858 62 30 den

90 1912 97 40 Kopf
208 1912 176 33 schiessen!
