1 1
571 46 40 4 —
662 31 39 29 10
738 16 48 48 —

145 129 205 39 Auguste:
376 126 64 32 M'r
463 127 87 31 kann
574 134 105 30 saaue,
705 134 68 22 was
785 123 59 33 m’r
866 124 76 40 will,
969 123 50 33 die
1037 125 169 40 anthropo-

211 180 122 41 logisch
354 177 218 34 Wisseschaft
595 179 68 31 isch
675 177 64 33 eini
747 187 65 22 vun
826 177 380 41 de-n-interessantschte,

210 233 90 33 wie’s
323 233 98 39 giebt.

143 297 243 33 Jeannette:
415 294 86 33 C’est
524 293 82 40 vrai,
638 294 82 32 ohne
750 294 50 31 die
829 294 289 40 Untersuechunge
1142 303 66 23 vun

213 350 39 31 de
275 348 97 41 Köpf
396 359 64 21 vun
491 357 131 23 unserer
645 347 131 39 Fameli,
809 356 36 22 ze
873 348 119 30 wüsste
1022 347 86 31 mir’s
1138 348 74 41 hytt

213 404 80 31 noch
316 403 58 38 nit,
398 402 62 32 wie
485 401 154 32 d’Fameli
669 399 199 42 Grinsinger
891 400 216 32 herestammt.

146 466 114 32 Lisa:
285 465 29 32 E
338 464 103 41 grossi
463 464 99 31 Fraid
585 464 92 31 wurd
702 462 47 32 d'r
776 473 92 30 papa
891 464 74 30 küm
990 463 73 38 han,
1090 465 123 30 wenn’r

213 528 65 23 vun
302 518 104 32 sinere
429 518 78 31 Reis
538 517 101 32 nooch
662 516 93 32 Paris
780 517 250 39 zeruckkummt,
1063 527 65 21 unn
1151 517 60 31 mir

213 573 64 31 ihm
301 581 96 22 saaue
421 575 96 36 wäre,
545 571 72 31 dass
642 570 48 31 d’r
710 569 170 33 Professor
896 570 205 39 Kneppchen
1127 574 83 28 erüs-

213 624 180 42 gedüeftelt
415 625 79 39 hett,
528 624 72 32 dass
631 624 41 32 im
704 634 92 30 papa
820 623 62 32 sini
904 623 93 32 Eltre
1028 627 36 28 üs
1093 623 120 33 Sachse

214 679 48 32 sin
286 679 82 40 gsin.

149 743 205 39 Auguste:
383 741 95 32 Fraid
509 740 56 32 hin
596 741 76 32 oder
695 740 98 32 Fraid
821 740 87 31 here.
955 740 40 31 In
1019 740 49 31 d’r
1091 740 122 31 Wisse-

214 794 107 33 schaft
344 797 87 29 kann
453 794 59 32 m'r
542 793 48 32 uff
610 803 34 23 so
668 794 226 39 Kleinigkeite
925 795 86 30 kenn
1034 792 180 33 Rucksicht

214 858 133 23 nemme.
374 866 39 4 —
439 847 42 33 So
505 858 66 21 unn
591 847 84 40 jetzt
699 847 93 32 welle
816 847 59 31 m’r
897 847 81 32 noch
1004 847 80 32 emol
1107 856 106 30 genau

217 902 146 40 d’Länge
386 901 166 32 revidiere.
586 900 96 41 (setzt
706 901 57 31 das
787 900 89 32 Mass
902 898 52 42 an)
978 900 122 40 Länge,
1126 900 88 31 sech-

217 955 81 32 zehn
321 955 139 33 Komma
484 954 90 32 zwei.

150 1009 201 32 Ehrstein
376 1007 207 41 (notierend):
609 1008 121 39 Länge,
756 1006 159 33 sechzehn
939 1006 138 32 Komma
1101 1006 89 32 zwei.

151 1063 205 39 Auguste:
383 1062 52 40 So,
460 1071 65 22 nun
545 1061 84 40 jetzt
653 1061 82 32 noch
760 1060 240 33 d'Jochbreite
1018 1084 5 6 ..
1045 1057 96 45 (setzt
1158 1060 55 32 das

217 1117 90 30 Mass
331 1114 63 42 an).

152 1170 116 31 Fritz
294 1169 249 40 Grinsinger
567 1167 85 42 (tritt
676 1168 102 32 durch
802 1168 50 31 die
877 1167 182 32 Mitteltüre
1083 1167 60 31 ein.
1168 1167 47 31 Er

220 1224 86 39 trägt
328 1223 235 39 Reisekostüm,
596 1222 65 32 und
684 1222 58 31 hat
770 1221 70 32 eine
864 1221 117 31 leichte
1005 1220 210 32 Reisetasche

219 1277 33 31 in
269 1278 55 30 der
339 1277 108 31 Hand.
472 1276 48 32 Er
535 1275 102 33 bleibt
658 1275 92 32 einen
766 1273 207 41 Augenblick
990 1274 66 32 still
1072 1271 143 43 stehen):

220 1329 87 33 Nom
323 1330 80 30 d'un
415 1328 84 42 petit
515 1329 194 38 bonhomme,
727 1329 48 31 als
799 1328 81 33 noch
896 1328 48 32 nit
967 1326 76 33 ferti
1066 1327 58 32 mit
1141 1327 75 32 dere

219 1383 244 40 Kopfmesserej
474 1381 15 33 ?

154 1437 228 32 Jeannette
400 1435 71 41 (auf
484 1436 90 32 Fritz
592 1434 201 43 Grinsinger
810 1445 39 22 zu
863 1435 64 31 und
940 1434 56 32 ihn
1009 1432 206 41 umarmend):

221 1489 155 42 Bonjour
394 1500 100 30 papa.

155 1543 209 40 Auguste:
389 1542 31 32 A
451 1542 151 32 l’instant
630 1552 102 30 papa.
772 1540 127 43 (schaut
935 1542 55 30 das
1025 1540 191 32 Metermass

221 1594 95 43 nach)
340 1596 197 40 Jochbreite,
563 1595 99 32 zwölf
682 1596 138 31 Komma
843 1595 69 31 vier
935 1593 205 33 Centimeter.

156 1650 201 31 Ehrstein
624 1648 197 40 Jochbreite,
854 1647 99 32 zwölf
979 1647 139 32 Komma
1148 1645 69 33 vier

224 1702 205 34 Centimeter.
383 1648 208 41 (notierend)

157 1756 190 40 Auguste
372 1755 71 41 (auf
462 1756 90 31 Fritz
578 1754 200 42 Grinsinger
803 1753 68 41 zu):
905 1753 155 41 Bonjour
1078 1751 109 42 papa!

158 1810 98 31 Lisa
292 1808 165 41 (nachdem
496 1809 46 32 sie
576 1808 91 32 ihren
705 1809 91 39 Papa
836 1808 135 31 umarmt
1008 1805 86 41 hat):
1141 1805 77 32 Wie

247 1864 137 30 kummts
412 1873 102 30 papa,
539 1862 73 32 dass
636 1862 42 32 dü
702 1871 35 23 so
760 1859 182 35 unverhofft
964 1856 188 36 kummsch
1118 1852 38 55 ?
