1 1
575 65 44 24 —
657 65 52 24 70
749 65 44 29 —

147 162 62 31 Dr.
235 161 270 40 Kneppchen:
541 160 74 32 Auf
648 161 61 31 alle
745 161 92 31 Fälle
872 162 107 32 werde
1019 162 53 33 ich
1106 162 105 33 Nach-

215 214 217 40 forschungen
456 215 166 31 anstellen.

149 276 210 34 Gauthier:
405 276 59 33 Ich
508 277 109 31 werde
659 276 110 32 diesen
808 276 309 42 Nachforschungen
1155 278 58 33 mit

215 340 128 31 grosser
366 330 94 32 Ruhe
485 330 269 40 entgegensehen.

148 394 111 32 Hans
284 390 251 42 Grinsinger
558 391 66 43 (für
647 391 99 40 sich):
772 392 205 33 Verteufelte
1001 392 129 33 Affäre!

149 448 65 31 Dr.
239 446 263 40 Kneppchen:
528 440 163 46 Übrigens
717 446 110 31 deutet
846 445 36 40 ja
906 446 98 33 schon
1033 447 57 32 Ihr
1112 447 103 32 Name

217 500 57 33 auf
296 500 216 32 französische
537 499 247 40 Abstammung.
820 499 162 32 Gauthier
1004 500 44 32 ist
1072 500 51 32 ein
1146 510 69 23 ver-

216 554 155 33 breiteter
396 553 234 32 französischer
654 552 110 33 Name.

151 608 193 33 Gauthier
372 607 54 40 (im
454 606 115 39 Zorn):
598 607 92 32 Jetzt
725 606 110 32 wird’s
863 606 60 32 mir
951 606 77 33 aber
1056 618 40 21 zu
1119 607 94 33 bunt!

217 662 100 32 Kann
349 671 33 22 es
414 660 92 33 einen
542 660 74 32 echt
653 660 222 41 deutscheren,
901 661 317 40 urgermanischeren

217 716 124 32 Namen
372 714 105 41 geben
501 714 47 32 als
574 711 184 35 Gauthier?

151 770 63 31 Dr.
242 768 261 41 Kneppchen:
528 767 78 32 Hm!
632 767 46 31 Es
703 767 111 32 würde
838 767 102 31 Ihnen
964 767 125 32 schwer
1118 767 99 33 fallen

219 823 52 31 die
301 821 213 41 Etymologie,
550 820 50 32 die
624 820 208 40 Entstehung
856 820 56 32 des
936 820 140 33 Namens
1105 831 40 22 zu
1170 831 48 22 er-

218 877 122 31 klären.

153 930 210 33 Gauthier:
396 928 65 32 Ein
491 927 227 40 Kinderspiel!
767 925 71 44 (mit
868 925 120 43 Ironie)
1034 928 46 32 Es
1112 928 106 32 dürfte

218 984 113 39 Ihnen,
345 983 87 32 Herr
444 982 135 39 Doktor,
594 981 47 32 als
654 980 174 34 Gelehrter
839 980 90 32 nicht
941 980 186 33 unbekannt
1140 981 78 40 sein,

220 1038 73 31 dass
329 1036 110 32 früher
463 1034 222 33 Deutschland
709 1034 33 32 in
767 1033 92 33 Gaue
884 1034 167 40 eingeteilt
1074 1044 79 23 war.

153 1092 64 33 Dr.
242 1089 276 41 Kneppchen:
545 1087 128 34 Stimmt
697 1087 183 32 auffallend.

153 1145 117 32 Fritz
295 1143 269 40 Grinsinger:
600 1141 44 33 So
667 1140 160 42 ungefähr
861 1141 62 32 wie
960 1141 56 32 das
1046 1141 113 33 Elsass
1187 1142 33 32 in

220 1198 119 32 Kreise
365 1196 168 40 eingeteilt
556 1194 67 34 ist?

154 1252 221 33 Gauthier:
400 1249 81 33 Sehr
504 1249 128 40 richtig.

154 1306 65 32 Dr.
244 1304 275 41 Kneppchen:
544 1303 57 32 Ich
626 1303 55 32 bin
704 1303 171 39 gespannt.

156 1367 221 34 Gauthier:
409 1366 76 33 Und
516 1375 42 23 an
588 1366 57 31 der
669 1364 112 41 Spitze
800 1364 93 40 jedes
918 1363 109 34 Gaues
1051 1365 94 31 stand
1170 1365 51 31 ein

219 1422 136 31 höherer
378 1421 160 38 Beamter,
568 1419 69 40 „ein
660 1428 126 31 grosses
810 1417 129 40 Thier“,
963 1418 61 32 wie
1048 1428 72 22 man
1132 1417 87 41 jetzt

221 1475 81 32 noch
339 1474 50 32 die
424 1473 142 33 höheren
600 1473 157 31 Beamten
793 1482 40 21 zu
863 1480 127 23 nennen
1020 1471 110 40 pflegt,
1155 1472 64 31 und

221 1530 71 30 dem
315 1527 63 41 gab
402 1537 73 22 man
499 1526 210 32 scherzweise
735 1525 60 32 den
818 1524 124 33 Namen
967 1524 170 33 Gauthier.

154 1582 118 33 Fritz
296 1581 269 39 Grinsinger:
591 1579 68 32 Das
683 1583 86 28 wäre
794 1578 154 32 demnach
973 1578 65 31 also
1063 1578 159 39 ungefähr

222 1636 67 38 das,
314 1644 67 22 was
408 1633 84 40 jetzt
523 1633 53 32 bei
600 1642 60 22 uns
691 1632 42 32 im
756 1632 113 31 Elsass
902 1631 51 32 ein
975 1630 247 33 Kreisdirektor

221 1688 67 33 ist?
315 1706 40 3 —

157 1742 222 33 Gauthier:
405 1739 82 34 Sehr
510 1740 130 40 richtig.

156 1796 67 32 Dr.
255 1794 254 41 Kneppchen
544 1793 70 42 (mit
648 1791 136 41 Ironie):
821 1785 188 46 Überzeugt
1043 1790 57 32 hat
1139 1790 83 32 mich

221 1849 76 31 Ihre
339 1847 247 42 etymologische
622 1846 365 38 Auseinandersetzung
1014 1844 99 32 nicht.
1162 1844 59 32 Ich

222 1902 108 32 werde
362 1901 237 40 infolgedessen
628 1898 308 41 Nachforschungen
969 1897 156 33 anstellen
1157 1897 64 31 und
